%YAML 1.1
%TAG !u! tag:unity3d.com,2011:
--- !u!1 &186223814114718073
GameObject:
  m_ObjectHideFlags: 0
  m_CorrespondingSourceObject: {fileID: 0}
  m_PrefabInstance: {fileID: 0}
  m_PrefabAsset: {fileID: 0}
  serializedVersion: 6
  m_Component:
  - component: {fileID: 4318698204954015231}
  - component: {fileID: 628235423413402554}
  m_Layer: 11
  m_Name: Collider
  m_TagString: Untagged
  m_Icon: {fileID: 0}
  m_NavMeshLayer: 0
  m_StaticEditorFlags: 0
  m_IsActive: 1
--- !u!4 &4318698204954015231
Transform:
  m_ObjectHideFlags: 0
  m_CorrespondingSourceObject: {fileID: 0}
  m_PrefabInstance: {fileID: 0}
  m_PrefabAsset: {fileID: 0}
  m_GameObject: {fileID: 186223814114718073}
  m_LocalRotation: {x: 0, y: 0, z: 0, w: 1}
  m_LocalPosition: {x: 0, y: 1, z: 0}
  m_LocalScale: {x: 1, y: 1, z: 1}
  m_Children: []
  m_Father: {fileID: 8570826971423754968}
  m_RootOrder: 2
  m_LocalEulerAnglesHint: {x: 0, y: 0, z: 0}
--- !u!136 &628235423413402554
CapsuleCollider:
  m_ObjectHideFlags: 0
  m_CorrespondingSourceObject: {fileID: 0}
  m_PrefabInstance: {fileID: 0}
  m_PrefabAsset: {fileID: 0}
  m_GameObject: {fileID: 186223814114718073}
  m_Material: {fileID: 0}
  m_IsTrigger: 0
  m_Enabled: 1
  m_Radius: 0.5
  m_Height: 2
  m_Direction: 1
  m_Center: {x: 0, y: 0, z: 0}
--- !u!1 &4793524220996851840
GameObject:
  m_ObjectHideFlags: 0
  m_CorrespondingSourceObject: {fileID: 0}
  m_PrefabInstance: {fileID: 0}
  m_PrefabAsset: {fileID: 0}
  serializedVersion: 6
  m_Component:
  - component: {fileID: 4793524220996355424}
  m_Layer: 11
  m_Name: VBOT_:RightHandPinky4_end
  m_TagString: Untagged
  m_Icon: {fileID: 0}
  m_NavMeshLayer: 0
  m_StaticEditorFlags: 0
  m_IsActive: 1
--- !u!4 &4793524220996355424
Transform:
  m_ObjectHideFlags: 0
  m_CorrespondingSourceObject: {fileID: 0}
  m_PrefabInstance: {fileID: 0}
  m_PrefabAsset: {fileID: 0}
  m_GameObject: {fileID: 4793524220996851840}
  m_LocalRotation: {x: 0, y: -0, z: -0, w: 1}
  m_LocalPosition: {x: -0, y: 2.562149, z: 0}
  m_LocalScale: {x: 1, y: 1, z: 1}
  m_Children: []
  m_Father: {fileID: 4793524220996355426}
  m_RootOrder: 0
  m_LocalEulerAnglesHint: {x: 0, y: 0, z: 0}
--- !u!1 &4793524220996851842
GameObject:
  m_ObjectHideFlags: 0
  m_CorrespondingSourceObject: {fileID: 0}
  m_PrefabInstance: {fileID: 0}
  m_PrefabAsset: {fileID: 0}
  serializedVersion: 6
  m_Component:
  - component: {fileID: 4793524220996355426}
  m_Layer: 11
  m_Name: VBOT_:RightHandPinky4
  m_TagString: Untagged
  m_Icon: {fileID: 0}
  m_NavMeshLayer: 0
  m_StaticEditorFlags: 0
  m_IsActive: 1
--- !u!4 &4793524220996355426
Transform:
  m_ObjectHideFlags: 0
  m_CorrespondingSourceObject: {fileID: 0}
  m_PrefabInstance: {fileID: 0}
  m_PrefabAsset: {fileID: 0}
  m_GameObject: {fileID: 4793524220996851842}
  m_LocalRotation: {x: 0.00000000583043, y: -0.0000000037147578, z: 0.000000024821702,
    w: 1}
  m_LocalPosition: {x: -0.00018684843, y: 2.5621476, z: 0.0000047087665}
  m_LocalScale: {x: 1, y: 1, z: 0.99999994}
  m_Children:
  - {fileID: 4793524220996355424}
  m_Father: {fileID: 4793524220996355428}
  m_RootOrder: 0
  m_LocalEulerAnglesHint: {x: 0, y: 0, z: 0}
--- !u!1 &4793524220996851844
GameObject:
  m_ObjectHideFlags: 0
  m_CorrespondingSourceObject: {fileID: 0}
  m_PrefabInstance: {fileID: 0}
  m_PrefabAsset: {fileID: 0}
  serializedVersion: 6
  m_Component:
  - component: {fileID: 4793524220996355428}
  m_Layer: 11
  m_Name: VBOT_:RightHandPinky3
  m_TagString: Untagged
  m_Icon: {fileID: 0}
  m_NavMeshLayer: 0
  m_StaticEditorFlags: 0
  m_IsActive: 1
--- !u!4 &4793524220996355428
Transform:
  m_ObjectHideFlags: 0
  m_CorrespondingSourceObject: {fileID: 0}
  m_PrefabInstance: {fileID: 0}
  m_PrefabAsset: {fileID: 0}
  m_GameObject: {fileID: 4793524220996851844}
  m_LocalRotation: {x: 0.0000013946006, y: 0.00000016396328, z: -0.000073763025, w: 1}
  m_LocalPosition: {x: 0.00017850239, y: 2.8926263, z: -0.0000014435498}
  m_LocalScale: {x: 1.0000001, y: 1.0000004, z: 1.0000002}
  m_Children:
  - {fileID: 4793524220996355426}
  m_Father: {fileID: 4793524220996355430}
  m_RootOrder: 0
  m_LocalEulerAnglesHint: {x: 0, y: 0, z: 0}
--- !u!1 &4793524220996851846
GameObject:
  m_ObjectHideFlags: 0
  m_CorrespondingSourceObject: {fileID: 0}
  m_PrefabInstance: {fileID: 0}
  m_PrefabAsset: {fileID: 0}
  serializedVersion: 6
  m_Component:
  - component: {fileID: 4793524220996355430}
  m_Layer: 11
  m_Name: VBOT_:RightHandPinky2
  m_TagString: Untagged
  m_Icon: {fileID: 0}
  m_NavMeshLayer: 0
  m_StaticEditorFlags: 0
  m_IsActive: 1
--- !u!4 &4793524220996355430
Transform:
  m_ObjectHideFlags: 0
  m_CorrespondingSourceObject: {fileID: 0}
  m_PrefabInstance: {fileID: 0}
  m_PrefabAsset: {fileID: 0}
  m_GameObject: {fileID: 4793524220996851846}
  m_LocalRotation: {x: -0.00000052158674, y: 0.0000013498303, z: 0.000034841643, w: 1}
  m_LocalPosition: {x: 0.0000063971374, y: 3.5136406, z: 0.0000012964009}
  m_LocalScale: {x: 1, y: 0.9999999, z: 0.999999}
  m_Children:
  - {fileID: 4793524220996355428}
  m_Father: {fileID: 4793524220996355448}
  m_RootOrder: 0
  m_LocalEulerAnglesHint: {x: 0, y: 0, z: 0}
--- !u!1 &4793524220996851848
GameObject:
  m_ObjectHideFlags: 0
  m_CorrespondingSourceObject: {fileID: 0}
  m_PrefabInstance: {fileID: 0}
  m_PrefabAsset: {fileID: 0}
  serializedVersion: 6
  m_Component:
  - component: {fileID: 4793524220996355432}
  m_Layer: 11
  m_Name: VBOT_:RightHandRing4
  m_TagString: Untagged
  m_Icon: {fileID: 0}
  m_NavMeshLayer: 0
  m_StaticEditorFlags: 0
  m_IsActive: 1
--- !u!4 &4793524220996355432
Transform:
  m_ObjectHideFlags: 0
  m_CorrespondingSourceObject: {fileID: 0}
  m_PrefabInstance: {fileID: 0}
  m_PrefabAsset: {fileID: 0}
  m_GameObject: {fileID: 4793524220996851848}
  m_LocalRotation: {x: -0.000000040627246, y: -0.000000007421774, z: 0.0000000014611032,
    w: 1}
  m_LocalPosition: {x: -0.000018931923, y: 3.1309965, z: -0.000009484588}
  m_LocalScale: {x: 1, y: 1, z: 0.99999994}
  m_Children:
  - {fileID: 4793524220996355222}
  m_Father: {fileID: 4793524220996355434}
  m_RootOrder: 0
  m_LocalEulerAnglesHint: {x: 0, y: 0, z: 0}
--- !u!1 &4793524220996851850
GameObject:
  m_ObjectHideFlags: 0
  m_CorrespondingSourceObject: {fileID: 0}
  m_PrefabInstance: {fileID: 0}
  m_PrefabAsset: {fileID: 0}
  serializedVersion: 6
  m_Component:
  - component: {fileID: 4793524220996355434}
  m_Layer: 11
  m_Name: VBOT_:RightHandRing3
  m_TagString: Untagged
  m_Icon: {fileID: 0}
  m_NavMeshLayer: 0
  m_StaticEditorFlags: 0
  m_IsActive: 1
--- !u!4 &4793524220996355434
Transform:
  m_ObjectHideFlags: 0
  m_CorrespondingSourceObject: {fileID: 0}
  m_PrefabInstance: {fileID: 0}
  m_PrefabAsset: {fileID: 0}
  m_GameObject: {fileID: 4793524220996851850}
  m_LocalRotation: {x: 0.0000003853574, y: -0.0000024102292, z: 0.000116190175, w: 1}
  m_LocalPosition: {x: -0.0008447821, y: 3.441319, z: 0.000004537403}
  m_LocalScale: {x: 0.99999994, y: 1, z: 0.9999997}
  m_Children:
  - {fileID: 4793524220996355432}
  m_Father: {fileID: 4793524220996355436}
  m_RootOrder: 0
  m_LocalEulerAnglesHint: {x: 0, y: 0, z: 0}
--- !u!1 &4793524220996851852
GameObject:
  m_ObjectHideFlags: 0
  m_CorrespondingSourceObject: {fileID: 0}
  m_PrefabInstance: {fileID: 0}
  m_PrefabAsset: {fileID: 0}
  serializedVersion: 6
  m_Component:
  - component: {fileID: 4793524220996355436}
  m_Layer: 11
  m_Name: VBOT_:RightHandRing2
  m_TagString: Untagged
  m_Icon: {fileID: 0}
  m_NavMeshLayer: 0
  m_StaticEditorFlags: 0
  m_IsActive: 1
--- !u!4 &4793524220996355436
Transform:
  m_ObjectHideFlags: 0
  m_CorrespondingSourceObject: {fileID: 0}
  m_PrefabInstance: {fileID: 0}
  m_PrefabAsset: {fileID: 0}
  m_GameObject: {fileID: 4793524220996851852}
  m_LocalRotation: {x: -0.0000007118655, y: -0.00000040345734, z: -0.00024250762,
    w: 1}
  m_LocalPosition: {x: 0.00086446095, y: 3.56153, z: -0.000015171243}
  m_LocalScale: {x: 1, y: 0.99999994, z: 1}
  m_Children:
  - {fileID: 4793524220996355434}
  m_Father: {fileID: 4793524220996355438}
  m_RootOrder: 0
  m_LocalEulerAnglesHint: {x: 0, y: 0, z: 0}
--- !u!1 &4793524220996851854
GameObject:
  m_ObjectHideFlags: 0
  m_CorrespondingSourceObject: {fileID: 0}
  m_PrefabInstance: {fileID: 0}
  m_PrefabAsset: {fileID: 0}
  serializedVersion: 6
  m_Component:
  - component: {fileID: 4793524220996355438}
  m_Layer: 11
  m_Name: VBOT_:RightHandRing1
  m_TagString: Untagged
  m_Icon: {fileID: 0}
  m_NavMeshLayer: 0
  m_StaticEditorFlags: 0
  m_IsActive: 1
--- !u!4 &4793524220996355438
Transform:
  m_ObjectHideFlags: 0
  m_CorrespondingSourceObject: {fileID: 0}
  m_PrefabInstance: {fileID: 0}
  m_PrefabAsset: {fileID: 0}
  m_GameObject: {fileID: 4793524220996851854}
  m_LocalRotation: {x: -0.0064634937, y: 0.0029677008, z: 0.052755825, w: 0.9985821}
  m_LocalPosition: {x: 1.0770532, y: 9.615877, z: -0.04499008}
  m_LocalScale: {x: 0.9999992, y: 0.99999964, z: 1}
  m_Children:
  - {fileID: 4793524220996355436}
  m_Father: {fileID: 4793524220996355406}
  m_RootOrder: 3
  m_LocalEulerAnglesHint: {x: 0, y: 0, z: 0}
--- !u!1 &4793524220996851856
GameObject:
  m_ObjectHideFlags: 0
  m_CorrespondingSourceObject: {fileID: 0}
  m_PrefabInstance: {fileID: 0}
  m_PrefabAsset: {fileID: 0}
  serializedVersion: 6
  m_Component:
  - component: {fileID: 4793524220996355440}
  m_Layer: 11
  m_Name: VBOT_:RightHandMiddle2
  m_TagString: Untagged
  m_Icon: {fileID: 0}
  m_NavMeshLayer: 0
  m_StaticEditorFlags: 0
  m_IsActive: 1
--- !u!4 &4793524220996355440
Transform:
  m_ObjectHideFlags: 0
  m_CorrespondingSourceObject: {fileID: 0}
  m_PrefabInstance: {fileID: 0}
  m_PrefabAsset: {fileID: 0}
  m_GameObject: {fileID: 4793524220996851856}
  m_LocalRotation: {x: -0.0000010921335, y: -0.000014545862, z: -0.00018764834, w: 1}
  m_LocalPosition: {x: 0.0060392907, y: 4.100815, z: 0.00001388043}
  m_LocalScale: {x: 1, y: 0.9999995, z: 0.9999998}
  m_Children:
  - {fileID: 4793524220996355454}
  m_Father: {fileID: 4793524220996355442}
  m_RootOrder: 0
  m_LocalEulerAnglesHint: {x: 0, y: 0, z: 0}
--- !u!1 &4793524220996851858
GameObject:
  m_ObjectHideFlags: 0
  m_CorrespondingSourceObject: {fileID: 0}
  m_PrefabInstance: {fileID: 0}
  m_PrefabAsset: {fileID: 0}
  serializedVersion: 6
  m_Component:
  - component: {fileID: 4793524220996355442}
  m_Layer: 11
  m_Name: VBOT_:RightHandMiddle1
  m_TagString: Untagged
  m_Icon: {fileID: 0}
  m_NavMeshLayer: 0
  m_StaticEditorFlags: 0
  m_IsActive: 1
--- !u!4 &4793524220996355442
Transform:
  m_ObjectHideFlags: 0
  m_CorrespondingSourceObject: {fileID: 0}
  m_PrefabInstance: {fileID: 0}
  m_PrefabAsset: {fileID: 0}
  m_GameObject: {fileID: 4793524220996851858}
  m_LocalRotation: {x: -0.006425467, y: 0.002276494, z: 0.053364556, w: 0.99855185}
  m_LocalPosition: {x: -1.0459455, y: 9.890944, z: -0.12528582}
  m_LocalScale: {x: 0.99999934, y: 0.9999995, z: 0.9999997}
  m_Children:
  - {fileID: 4793524220996355440}
  m_Father: {fileID: 4793524220996355406}
  m_RootOrder: 1
  m_LocalEulerAnglesHint: {x: 0, y: 0, z: 0}
--- !u!1 &4793524220996851860
GameObject:
  m_ObjectHideFlags: 0
  m_CorrespondingSourceObject: {fileID: 0}
  m_PrefabInstance: {fileID: 0}
  m_PrefabAsset: {fileID: 0}
  serializedVersion: 6
  m_Component:
  - component: {fileID: 4793524220996355444}
  m_Layer: 11
  m_Name: VBOT_:RightHandIndex4_end
  m_TagString: Untagged
  m_Icon: {fileID: 0}
  m_NavMeshLayer: 0
  m_StaticEditorFlags: 0
  m_IsActive: 1
--- !u!4 &4793524220996355444
Transform:
  m_ObjectHideFlags: 0
  m_CorrespondingSourceObject: {fileID: 0}
  m_PrefabInstance: {fileID: 0}
  m_PrefabAsset: {fileID: 0}
  m_GameObject: {fileID: 4793524220996851860}
  m_LocalRotation: {x: 0, y: -0, z: -0, w: 1}
  m_LocalPosition: {x: -0, y: 2.9180162, z: 0}
  m_LocalScale: {x: 1, y: 1, z: 1}
  m_Children: []
  m_Father: {fileID: 4793524220996355446}
  m_RootOrder: 0
  m_LocalEulerAnglesHint: {x: 0, y: 0, z: 0}
--- !u!1 &4793524220996851862
GameObject:
  m_ObjectHideFlags: 0
  m_CorrespondingSourceObject: {fileID: 0}
  m_PrefabInstance: {fileID: 0}
  m_PrefabAsset: {fileID: 0}
  serializedVersion: 6
  m_Component:
  - component: {fileID: 4793524220996355446}
  m_Layer: 11
  m_Name: VBOT_:RightHandIndex4
  m_TagString: Untagged
  m_Icon: {fileID: 0}
  m_NavMeshLayer: 0
  m_StaticEditorFlags: 0
  m_IsActive: 1
--- !u!4 &4793524220996355446
Transform:
  m_ObjectHideFlags: 0
  m_CorrespondingSourceObject: {fileID: 0}
  m_PrefabInstance: {fileID: 0}
  m_PrefabAsset: {fileID: 0}
  m_GameObject: {fileID: 4793524220996851862}
  m_LocalRotation: {x: 0.00000000842556, y: 0.000000092695934, z: 0.00000008829295,
    w: 1}
  m_LocalPosition: {x: 0.008346348, y: 2.918003, z: -0.0000014519317}
  m_LocalScale: {x: 1, y: 0.99999994, z: 0.99999994}
  m_Children:
  - {fileID: 4793524220996355444}
  m_Father: {fileID: 4793524220996355400}
  m_RootOrder: 0
  m_LocalEulerAnglesHint: {x: 0, y: 0, z: 0}
--- !u!1 &4793524220996851864
GameObject:
  m_ObjectHideFlags: 0
  m_CorrespondingSourceObject: {fileID: 0}
  m_PrefabInstance: {fileID: 0}
  m_PrefabAsset: {fileID: 0}
  serializedVersion: 6
  m_Component:
  - component: {fileID: 4793524220996355448}
  m_Layer: 11
  m_Name: VBOT_:RightHandPinky1
  m_TagString: Untagged
  m_Icon: {fileID: 0}
  m_NavMeshLayer: 0
  m_StaticEditorFlags: 0
  m_IsActive: 1
--- !u!4 &4793524220996355448
Transform:
  m_ObjectHideFlags: 0
  m_CorrespondingSourceObject: {fileID: 0}
  m_PrefabInstance: {fileID: 0}
  m_PrefabAsset: {fileID: 0}
  m_GameObject: {fileID: 4793524220996851864}
  m_LocalRotation: {x: -0.0067263856, y: 0.007935547, z: 0.052596204, w: 0.9985617}
  m_LocalPosition: {x: 3.2298849, y: 8.635466, z: 0.26456282}
  m_LocalScale: {x: 0.999999, y: 0.99999946, z: 1.0000002}
  m_Children:
  - {fileID: 4793524220996355430}
  m_Father: {fileID: 4793524220996355406}
  m_RootOrder: 2
  m_LocalEulerAnglesHint: {x: 0, y: 0, z: 0}
--- !u!1 &4793524220996851866
GameObject:
  m_ObjectHideFlags: 0
  m_CorrespondingSourceObject: {fileID: 0}
  m_PrefabInstance: {fileID: 0}
  m_PrefabAsset: {fileID: 0}
  serializedVersion: 6
  m_Component:
  - component: {fileID: 4793524220996355450}
  m_Layer: 11
  m_Name: VBOT_:RightHandMiddle4_end
  m_TagString: Untagged
  m_Icon: {fileID: 0}
  m_NavMeshLayer: 0
  m_StaticEditorFlags: 0
  m_IsActive: 1
--- !u!4 &4793524220996355450
Transform:
  m_ObjectHideFlags: 0
  m_CorrespondingSourceObject: {fileID: 0}
  m_PrefabInstance: {fileID: 0}
  m_PrefabAsset: {fileID: 0}
  m_GameObject: {fileID: 4793524220996851866}
  m_LocalRotation: {x: 0, y: -0, z: -0, w: 1}
  m_LocalPosition: {x: -0, y: 3.650653, z: 0}
  m_LocalScale: {x: 1, y: 1, z: 1}
  m_Children: []
  m_Father: {fileID: 4793524220996355452}
  m_RootOrder: 0
  m_LocalEulerAnglesHint: {x: 0, y: 0, z: 0}
--- !u!1 &4793524220996851868
GameObject:
  m_ObjectHideFlags: 0
  m_CorrespondingSourceObject: {fileID: 0}
  m_PrefabInstance: {fileID: 0}
  m_PrefabAsset: {fileID: 0}
  serializedVersion: 6
  m_Component:
  - component: {fileID: 4793524220996355452}
  m_Layer: 11
  m_Name: VBOT_:RightHandMiddle4
  m_TagString: Untagged
  m_Icon: {fileID: 0}
  m_NavMeshLayer: 0
  m_StaticEditorFlags: 0
  m_IsActive: 1
--- !u!4 &4793524220996355452
Transform:
  m_ObjectHideFlags: 0
  m_CorrespondingSourceObject: {fileID: 0}
  m_PrefabInstance: {fileID: 0}
  m_PrefabAsset: {fileID: 0}
  m_GameObject: {fileID: 4793524220996851868}
  m_LocalRotation: {x: -0.00000003355308, y: -7.557048e-10, z: -0.000000006678988,
    w: 1}
  m_LocalPosition: {x: -0.010218023, y: 3.6506314, z: -0.000012870876}
  m_LocalScale: {x: 1, y: 1, z: 1}
  m_Children:
  - {fileID: 4793524220996355450}
  m_Father: {fileID: 4793524220996355454}
  m_RootOrder: 0
  m_LocalEulerAnglesHint: {x: 0, y: 0, z: 0}
--- !u!1 &4793524220996851870
GameObject:
  m_ObjectHideFlags: 0
  m_CorrespondingSourceObject: {fileID: 0}
  m_PrefabInstance: {fileID: 0}
  m_PrefabAsset: {fileID: 0}
  serializedVersion: 6
  m_Component:
  - component: {fileID: 4793524220996355454}
  m_Layer: 11
  m_Name: VBOT_:RightHandMiddle3
  m_TagString: Untagged
  m_Icon: {fileID: 0}
  m_NavMeshLayer: 0
  m_StaticEditorFlags: 0
  m_IsActive: 1
--- !u!4 &4793524220996355454
Transform:
  m_ObjectHideFlags: 0
  m_CorrespondingSourceObject: {fileID: 0}
  m_PrefabInstance: {fileID: 0}
  m_PrefabAsset: {fileID: 0}
  m_GameObject: {fileID: 4793524220996851870}
  m_LocalRotation: {x: -0.0000004923334, y: 0.000086348875, z: -0.001940938, w: 0.99999815}
  m_LocalPosition: {x: 0.0041791643, y: 3.8612878, z: -0.000013139097}
  m_LocalScale: {x: 1, y: 1.0000007, z: 0.99999994}
  m_Children:
  - {fileID: 4793524220996355452}
  m_Father: {fileID: 4793524220996355440}
  m_RootOrder: 0
  m_LocalEulerAnglesHint: {x: 0, y: 0, z: 0}
--- !u!1 &4793524220996851872
GameObject:
  m_ObjectHideFlags: 0
  m_CorrespondingSourceObject: {fileID: 0}
  m_PrefabInstance: {fileID: 0}
  m_PrefabAsset: {fileID: 0}
  serializedVersion: 6
  m_Component:
  - component: {fileID: 4793524220996355200}
  m_Layer: 11
  m_Name: VBOT_:RightUpLeg
  m_TagString: Untagged
  m_Icon: {fileID: 0}
  m_NavMeshLayer: 0
  m_StaticEditorFlags: 0
  m_IsActive: 1
--- !u!4 &4793524220996355200
Transform:
  m_ObjectHideFlags: 0
  m_CorrespondingSourceObject: {fileID: 0}
  m_PrefabInstance: {fileID: 0}
  m_PrefabAsset: {fileID: 0}
  m_GameObject: {fileID: 4793524220996851872}
  m_LocalRotation: {x: 0.00000074489566, y: 0.006958819, z: 0.99995744, w: -0.006058274}
  m_LocalPosition: {x: 10.920648, y: -5.3976483, z: 1.6830437}
  m_LocalScale: {x: 1.0005851, y: 0.99999964, z: 1.0000213}
  m_Children:
  - {fileID: 4793524220996355226}
  m_Father: {fileID: 4793524220996355358}
  m_RootOrder: 1
  m_LocalEulerAnglesHint: {x: 0, y: 0, z: 0}
--- !u!1 &4793524220996851874
GameObject:
  m_ObjectHideFlags: 0
  m_CorrespondingSourceObject: {fileID: 0}
  m_PrefabInstance: {fileID: 0}
  m_PrefabAsset: {fileID: 0}
  serializedVersion: 6
  m_Component:
  - component: {fileID: 4793524220996355202}
  m_Layer: 11
  m_Name: VBOT_:RightToeBase
  m_TagString: Untagged
  m_Icon: {fileID: 0}
  m_NavMeshLayer: 0
  m_StaticEditorFlags: 0
  m_IsActive: 1
--- !u!4 &4793524220996355202
Transform:
  m_ObjectHideFlags: 0
  m_CorrespondingSourceObject: {fileID: 0}
  m_PrefabInstance: {fileID: 0}
  m_PrefabAsset: {fileID: 0}
  m_GameObject: {fileID: 4793524220996851874}
  m_LocalRotation: {x: 0.30412865, y: -0.055317834, z: 0.017672166, w: 0.9508593}
  m_LocalPosition: {x: 0.000000012107192, y: 17.102888, z: 0.0000004842877}
  m_LocalScale: {x: 0.9999993, y: 1.0000002, z: 0.9999997}
  m_Children:
  - {fileID: 4793524220996355206}
  m_Father: {fileID: 4793524220996355394}
  m_RootOrder: 0
  m_LocalEulerAnglesHint: {x: 0, y: 0, z: 0}
--- !u!1 &4793524220996851876
GameObject:
  m_ObjectHideFlags: 0
  m_CorrespondingSourceObject: {fileID: 0}
  m_PrefabInstance: {fileID: 0}
  m_PrefabAsset: {fileID: 0}
  serializedVersion: 6
  m_Component:
  - component: {fileID: 4793524220996355204}
  m_Layer: 11
  m_Name: VBOT_:RightToe_End_end
  m_TagString: Untagged
  m_Icon: {fileID: 0}
  m_NavMeshLayer: 0
  m_StaticEditorFlags: 0
  m_IsActive: 1
--- !u!4 &4793524220996355204
Transform:
  m_ObjectHideFlags: 0
  m_CorrespondingSourceObject: {fileID: 0}
  m_PrefabInstance: {fileID: 0}
  m_PrefabAsset: {fileID: 0}
  m_GameObject: {fileID: 4793524220996851876}
  m_LocalRotation: {x: 0, y: -0, z: -0, w: 1}
  m_LocalPosition: {x: -0, y: 6.241427, z: 0}
  m_LocalScale: {x: 1, y: 1, z: 1}
  m_Children: []
  m_Father: {fileID: 4793524220996355206}
  m_RootOrder: 0
  m_LocalEulerAnglesHint: {x: 0, y: 0, z: 0}
--- !u!1 &4793524220996851878
GameObject:
  m_ObjectHideFlags: 0
  m_CorrespondingSourceObject: {fileID: 0}
  m_PrefabInstance: {fileID: 0}
  m_PrefabAsset: {fileID: 0}
  serializedVersion: 6
  m_Component:
  - component: {fileID: 4793524220996355206}
  m_Layer: 11
  m_Name: VBOT_:RightToe_End
  m_TagString: Untagged
  m_Icon: {fileID: 0}
  m_NavMeshLayer: 0
  m_StaticEditorFlags: 0
  m_IsActive: 1
--- !u!4 &4793524220996355206
Transform:
  m_ObjectHideFlags: 0
  m_CorrespondingSourceObject: {fileID: 0}
  m_PrefabInstance: {fileID: 0}
  m_PrefabAsset: {fileID: 0}
  m_GameObject: {fileID: 4793524220996851878}
  m_LocalRotation: {x: -0.000000027357602, y: 0.000034474506, z: -0.0000000888831,
    w: 1}
  m_LocalPosition: {x: 0.000000996515, y: 6.2413607, z: -0.0000001788139}
  m_LocalScale: {x: 1, y: 1, z: 0.99999994}
  m_Children:
  - {fileID: 4793524220996355204}
  m_Father: {fileID: 4793524220996355202}
  m_RootOrder: 0
  m_LocalEulerAnglesHint: {x: 0, y: 0, z: 0}
--- !u!1 &4793524220996851880
GameObject:
  m_ObjectHideFlags: 0
  m_CorrespondingSourceObject: {fileID: 0}
  m_PrefabInstance: {fileID: 0}
  m_PrefabAsset: {fileID: 0}
  serializedVersion: 6
  m_Component:
  - component: {fileID: 4793524220996355208}
  - component: {fileID: 4793524220991575094}
  m_Layer: 11
  m_Name: VBOT_:VBOT_LOD0
  m_TagString: Untagged
  m_Icon: {fileID: 0}
  m_NavMeshLayer: 0
  m_StaticEditorFlags: 0
  m_IsActive: 1
--- !u!4 &4793524220996355208
Transform:
  m_ObjectHideFlags: 0
  m_CorrespondingSourceObject: {fileID: 0}
  m_PrefabInstance: {fileID: 0}
  m_PrefabAsset: {fileID: 0}
  m_GameObject: {fileID: 4793524220996851880}
  m_LocalRotation: {x: 0.00000008122751, y: -0.0000000018335409, z: 1.1508664e-24,
    w: 1}
  m_LocalPosition: {x: 0, y: 0, z: 0}
  m_LocalScale: {x: 0.01, y: 0.009999999, z: 0.01}
  m_Children: []
  m_Father: {fileID: 8570826971423754968}
  m_RootOrder: 0
  m_LocalEulerAnglesHint: {x: 0, y: 0, z: 0}
--- !u!137 &4793524220991575094
SkinnedMeshRenderer:
  m_ObjectHideFlags: 0
  m_CorrespondingSourceObject: {fileID: 0}
  m_PrefabInstance: {fileID: 0}
  m_PrefabAsset: {fileID: 0}
  m_GameObject: {fileID: 4793524220996851880}
  m_Enabled: 1
  m_CastShadows: 1
  m_ReceiveShadows: 1
  m_DynamicOccludee: 0
  m_MotionVectors: 1
  m_LightProbeUsage: 1
  m_ReflectionProbeUsage: 1
  m_RayTracingMode: 0
  m_RenderingLayerMask: 1
  m_RendererPriority: 0
  m_Materials:
  - {fileID: 2100000, guid: 2fccb76f588d4d749928713d38489484, type: 2}
  - {fileID: 10303, guid: 0000000000000000f000000000000000, type: 0}
  - {fileID: 10303, guid: 0000000000000000f000000000000000, type: 0}
  - {fileID: 10303, guid: 0000000000000000f000000000000000, type: 0}
  - {fileID: 10303, guid: 0000000000000000f000000000000000, type: 0}
  - {fileID: 10303, guid: 0000000000000000f000000000000000, type: 0}
  - {fileID: 10303, guid: 0000000000000000f000000000000000, type: 0}
  m_StaticBatchInfo:
    firstSubMesh: 0
    subMeshCount: 0
  m_StaticBatchRoot: {fileID: 0}
  m_ProbeAnchor: {fileID: 0}
  m_LightProbeVolumeOverride: {fileID: 0}
  m_ScaleInLightmap: 1
  m_ReceiveGI: 1
  m_PreserveUVs: 0
  m_IgnoreNormalsForChartDetection: 0
  m_ImportantGI: 0
  m_StitchLightmapSeams: 1
  m_SelectedEditorRenderState: 3
  m_MinimumChartSize: 4
  m_AutoUVMaxDistance: 0.5
  m_AutoUVMaxAngle: 89
  m_LightmapParameters: {fileID: 0}
  m_SortingLayerID: 0
  m_SortingLayer: 0
  m_SortingOrder: 0
  serializedVersion: 2
  m_Quality: 0
  m_UpdateWhenOffscreen: 0
  m_SkinnedMotionVectors: 1
  m_Mesh: {fileID: 4300006, guid: 340f99b8334a14c4a8a01dce6e1e5348, type: 3}
  m_Bones:
  - {fileID: 4793524220996355358}
  - {fileID: 4793524220996355214}
  - {fileID: 4793524220996355212}
  - {fileID: 4793524220996355210}
  - {fileID: 4793524220996355398}
  - {fileID: 4793524220996355348}
  - {fileID: 4793524220996355346}
  - {fileID: 4793524220996355408}
  - {fileID: 4793524220996355356}
  - {fileID: 4793524220996355352}
  - {fileID: 4793524220996355334}
  - {fileID: 4793524220996355372}
  - {fileID: 4793524220996355370}
  - {fileID: 4793524220996355368}
  - {fileID: 4793524220996355414}
  - {fileID: 4793524220996355332}
  - {fileID: 4793524220996355330}
  - {fileID: 4793524220996355328}
  - {fileID: 4793524220996355342}
  - {fileID: 4793524220996355338}
  - {fileID: 4793524220996355336}
  - {fileID: 4793524220996355382}
  - {fileID: 4793524220996355380}
  - {fileID: 4793524220996355366}
  - {fileID: 4793524220996355364}
  - {fileID: 4793524220996355362}
  - {fileID: 4793524220996355360}
  - {fileID: 4793524220996355376}
  - {fileID: 4793524220996355390}
  - {fileID: 4793524220996355388}
  - {fileID: 4793524220996355386}
  - {fileID: 4793524220996355224}
  - {fileID: 4793524220996355396}
  - {fileID: 4793524220996355392}
  - {fileID: 4793524220996355406}
  - {fileID: 4793524220996355220}
  - {fileID: 4793524220996355218}
  - {fileID: 4793524220996355216}
  - {fileID: 4793524220996355230}
  - {fileID: 4793524220996355404}
  - {fileID: 4793524220996355402}
  - {fileID: 4793524220996355400}
  - {fileID: 4793524220996355446}
  - {fileID: 4793524220996355442}
  - {fileID: 4793524220996355440}
  - {fileID: 4793524220996355454}
  - {fileID: 4793524220996355452}
  - {fileID: 4793524220996355438}
  - {fileID: 4793524220996355436}
  - {fileID: 4793524220996355434}
  - {fileID: 4793524220996355432}
  - {fileID: 4793524220996355448}
  - {fileID: 4793524220996355430}
  - {fileID: 4793524220996355428}
  - {fileID: 4793524220996355426}
  - {fileID: 4793524220996355416}
  - {fileID: 4793524220996355410}
  - {fileID: 4793524220996355354}
  - {fileID: 4793524220996355418}
  - {fileID: 4793524220996355422}
  - {fileID: 4793524220996355200}
  - {fileID: 4793524220996355226}
  - {fileID: 4793524220996355394}
  - {fileID: 4793524220996355202}
  - {fileID: 4793524220996355206}
  m_BlendShapeWeights: []
  m_RootBone: {fileID: 4793524220996355358}
  m_AABB:
    m_Center: {x: 0.0047035217, y: -20.591587, z: 4.8472853}
    m_Extent: {x: 98.88925, y: 96.17587, z: 27.315811}
  m_DirtyAABB: 0
--- !u!1 &4793524220996851882
GameObject:
  m_ObjectHideFlags: 0
  m_CorrespondingSourceObject: {fileID: 0}
  m_PrefabInstance: {fileID: 0}
  m_PrefabAsset: {fileID: 0}
  serializedVersion: 6
  m_Component:
  - component: {fileID: 4793524220996355210}
  m_Layer: 11
  m_Name: VBOT_:Spine2
  m_TagString: Untagged
  m_Icon: {fileID: 0}
  m_NavMeshLayer: 0
  m_StaticEditorFlags: 0
  m_IsActive: 1
--- !u!4 &4793524220996355210
Transform:
  m_ObjectHideFlags: 0
  m_CorrespondingSourceObject: {fileID: 0}
  m_PrefabInstance: {fileID: 0}
  m_PrefabAsset: {fileID: 0}
  m_GameObject: {fileID: 4793524220996851882}
  m_LocalRotation: {x: -0.000000011175873, y: 1.3353475e-18, z: -8.1315156e-20, w: 1}
  m_LocalPosition: {x: -4.7400968e-12, y: 12.938552, z: 0.00000017881392}
  m_LocalScale: {x: 1, y: 0.99999994, z: 0.99999994}
  m_Children:
  - {fileID: 4793524220996355408}
  - {fileID: 4793524220996355398}
  - {fileID: 4793524220996355224}
  m_Father: {fileID: 4793524220996355212}
  m_RootOrder: 0
  m_LocalEulerAnglesHint: {x: 0, y: 0, z: 0}
--- !u!1 &4793524220996851884
GameObject:
  m_ObjectHideFlags: 0
  m_CorrespondingSourceObject: {fileID: 0}
  m_PrefabInstance: {fileID: 0}
  m_PrefabAsset: {fileID: 0}
  serializedVersion: 6
  m_Component:
  - component: {fileID: 4793524220996355212}
  m_Layer: 11
  m_Name: VBOT_:Spine1
  m_TagString: Untagged
  m_Icon: {fileID: 0}
  m_NavMeshLayer: 0
  m_StaticEditorFlags: 0
  m_IsActive: 1
--- !u!4 &4793524220996355212
Transform:
  m_ObjectHideFlags: 0
  m_CorrespondingSourceObject: {fileID: 0}
  m_PrefabInstance: {fileID: 0}
  m_PrefabAsset: {fileID: 0}
  m_GameObject: {fileID: 4793524220996851884}
  m_LocalRotation: {x: 0.0000000046566133, y: -5.333572e-14, z: 6.8136756e-13, w: 1}
  m_LocalPosition: {x: 1.02090515e-11, y: 11.321213, z: -0.0000001788139}
  m_LocalScale: {x: 1, y: 0.99999994, z: 0.99999994}
  m_Children:
  - {fileID: 4793524220996355210}
  m_Father: {fileID: 4793524220996355214}
  m_RootOrder: 0
  m_LocalEulerAnglesHint: {x: 0, y: 0, z: 0}
--- !u!1 &4793524220996851886
GameObject:
  m_ObjectHideFlags: 0
  m_CorrespondingSourceObject: {fileID: 0}
  m_PrefabInstance: {fileID: 0}
  m_PrefabAsset: {fileID: 0}
  serializedVersion: 6
  m_Component:
  - component: {fileID: 4793524220996355214}
  m_Layer: 11
  m_Name: VBOT_:Spine
  m_TagString: Untagged
  m_Icon: {fileID: 0}
  m_NavMeshLayer: 0
  m_StaticEditorFlags: 0
  m_IsActive: 1
--- !u!4 &4793524220996355214
Transform:
  m_ObjectHideFlags: 0
  m_CorrespondingSourceObject: {fileID: 0}
  m_PrefabInstance: {fileID: 0}
  m_PrefabAsset: {fileID: 0}
  m_GameObject: {fileID: 4793524220996851886}
  m_LocalRotation: {x: -0.007850627, y: -0.0000005901344, z: 0.000014438815, w: 0.9999692}
  m_LocalPosition: {x: -1.6871125e-10, y: 9.702705, z: -0.15236208}
  m_LocalScale: {x: 1, y: 1.0000002, z: 1.0000002}
  m_Children:
  - {fileID: 4793524220996355212}
  m_Father: {fileID: 4793524220996355358}
  m_RootOrder: 2
  m_LocalEulerAnglesHint: {x: 0, y: 0, z: 0}
--- !u!1 &4793524220996851888
GameObject:
  m_ObjectHideFlags: 0
  m_CorrespondingSourceObject: {fileID: 0}
  m_PrefabInstance: {fileID: 0}
  m_PrefabAsset: {fileID: 0}
  serializedVersion: 6
  m_Component:
  - component: {fileID: 4793524220996355216}
  m_Layer: 11
  m_Name: VBOT_:RightHandThumb3
  m_TagString: Untagged
  m_Icon: {fileID: 0}
  m_NavMeshLayer: 0
  m_StaticEditorFlags: 0
  m_IsActive: 1
--- !u!4 &4793524220996355216
Transform:
  m_ObjectHideFlags: 0
  m_CorrespondingSourceObject: {fileID: 0}
  m_PrefabInstance: {fileID: 0}
  m_PrefabAsset: {fileID: 0}
  m_GameObject: {fileID: 4793524220996851888}
  m_LocalRotation: {x: 0.000032287433, y: -0.00049903296, z: 0.011669388, w: 0.9999318}
  m_LocalPosition: {x: -0.26757833, y: 3.5406923, z: 0.000021934507}
  m_LocalScale: {x: 1, y: 0.9999996, z: 1.0000001}
  m_Children:
  - {fileID: 4793524220996355230}
  m_Father: {fileID: 4793524220996355218}
  m_RootOrder: 0
  m_LocalEulerAnglesHint: {x: 0, y: 0, z: 0}
--- !u!1 &4793524220996851890
GameObject:
  m_ObjectHideFlags: 0
  m_CorrespondingSourceObject: {fileID: 0}
  m_PrefabInstance: {fileID: 0}
  m_PrefabAsset: {fileID: 0}
  serializedVersion: 6
  m_Component:
  - component: {fileID: 4793524220996355218}
  m_Layer: 11
  m_Name: VBOT_:RightHandThumb2
  m_TagString: Untagged
  m_Icon: {fileID: 0}
  m_NavMeshLayer: 0
  m_StaticEditorFlags: 0
  m_IsActive: 1
--- !u!4 &4793524220996355218
Transform:
  m_ObjectHideFlags: 0
  m_CorrespondingSourceObject: {fileID: 0}
  m_PrefabInstance: {fileID: 0}
  m_PrefabAsset: {fileID: 0}
  m_GameObject: {fileID: 4793524220996851890}
  m_LocalRotation: {x: 0.00010331243, y: 0.003032002, z: -0.10960612, w: 0.9939705}
  m_LocalPosition: {x: 0.44791907, y: 3.0840442, z: 0.0000027716158}
  m_LocalScale: {x: 1, y: 1, z: 1}
  m_Children:
  - {fileID: 4793524220996355216}
  m_Father: {fileID: 4793524220996355220}
  m_RootOrder: 0
  m_LocalEulerAnglesHint: {x: 0, y: 0, z: 0}
--- !u!1 &4793524220996851892
GameObject:
  m_ObjectHideFlags: 0
  m_CorrespondingSourceObject: {fileID: 0}
  m_PrefabInstance: {fileID: 0}
  m_PrefabAsset: {fileID: 0}
  serializedVersion: 6
  m_Component:
  - component: {fileID: 4793524220996355220}
  m_Layer: 11
  m_Name: VBOT_:RightHandThumb1
  m_TagString: Untagged
  m_Icon: {fileID: 0}
  m_NavMeshLayer: 0
  m_StaticEditorFlags: 0
  m_IsActive: 1
--- !u!4 &4793524220996355220
Transform:
  m_ObjectHideFlags: 0
  m_CorrespondingSourceObject: {fileID: 0}
  m_PrefabInstance: {fileID: 0}
  m_PrefabAsset: {fileID: 0}
  m_GameObject: {fileID: 4793524220996851892}
  m_LocalRotation: {x: 0.20649847, y: 0.08570003, z: 0.37565327, w: 0.89938784}
  m_LocalPosition: {x: -2.1773484, y: 2.860778, z: 1.5000122}
  m_LocalScale: {x: 1.0000001, y: 0.9999995, z: 0.9999996}
  m_Children:
  - {fileID: 4793524220996355218}
  m_Father: {fileID: 4793524220996355406}
  m_RootOrder: 4
  m_LocalEulerAnglesHint: {x: 0, y: 0, z: 0}
--- !u!1 &4793524220996851894
GameObject:
  m_ObjectHideFlags: 0
  m_CorrespondingSourceObject: {fileID: 0}
  m_PrefabInstance: {fileID: 0}
  m_PrefabAsset: {fileID: 0}
  serializedVersion: 6
  m_Component:
  - component: {fileID: 4793524220996355222}
  m_Layer: 11
  m_Name: VBOT_:RightHandRing4_end
  m_TagString: Untagged
  m_Icon: {fileID: 0}
  m_NavMeshLayer: 0
  m_StaticEditorFlags: 0
  m_IsActive: 1
--- !u!4 &4793524220996355222
Transform:
  m_ObjectHideFlags: 0
  m_CorrespondingSourceObject: {fileID: 0}
  m_PrefabInstance: {fileID: 0}
  m_PrefabAsset: {fileID: 0}
  m_GameObject: {fileID: 4793524220996851894}
  m_LocalRotation: {x: 0, y: -0, z: -0, w: 1}
  m_LocalPosition: {x: -0, y: 3.1309972, z: 0}
  m_LocalScale: {x: 1, y: 1, z: 1}
  m_Children: []
  m_Father: {fileID: 4793524220996355432}
  m_RootOrder: 0
  m_LocalEulerAnglesHint: {x: 0, y: 0, z: 0}
--- !u!1 &4793524220996851896
GameObject:
  m_ObjectHideFlags: 0
  m_CorrespondingSourceObject: {fileID: 0}
  m_PrefabInstance: {fileID: 0}
  m_PrefabAsset: {fileID: 0}
  serializedVersion: 6
  m_Component:
  - component: {fileID: 4793524220996355224}
  m_Layer: 11
  m_Name: VBOT_:RightShoulder
  m_TagString: Untagged
  m_Icon: {fileID: 0}
  m_NavMeshLayer: 0
  m_StaticEditorFlags: 0
  m_IsActive: 1
--- !u!4 &4793524220996355224
Transform:
  m_ObjectHideFlags: 0
  m_CorrespondingSourceObject: {fileID: 0}
  m_PrefabInstance: {fileID: 0}
  m_PrefabAsset: {fileID: 0}
  m_GameObject: {fileID: 4793524220996851896}
  m_LocalRotation: {x: 0.56846106, y: 0.42061523, z: -0.5682299, w: 0.42077276}
  m_LocalPosition: {x: 6.233018, y: 12.722446, z: 0.0031886694}
  m_LocalScale: {x: 0.9999998, y: 1.0000004, z: 0.9999994}
  m_Children:
  - {fileID: 4793524220996355396}
  m_Father: {fileID: 4793524220996355210}
  m_RootOrder: 2
  m_LocalEulerAnglesHint: {x: 0, y: 0, z: 0}
--- !u!1 &4793524220996851898
GameObject:
  m_ObjectHideFlags: 0
  m_CorrespondingSourceObject: {fileID: 0}
  m_PrefabInstance: {fileID: 0}
  m_PrefabAsset: {fileID: 0}
  serializedVersion: 6
  m_Component:
  - component: {fileID: 4793524220996355226}
  m_Layer: 11
  m_Name: VBOT_:RightLeg
  m_TagString: Untagged
  m_Icon: {fileID: 0}
  m_NavMeshLayer: 0
  m_StaticEditorFlags: 0
  m_IsActive: 1
--- !u!4 &4793524220996355226
Transform:
  m_ObjectHideFlags: 0
  m_CorrespondingSourceObject: {fileID: 0}
  m_PrefabInstance: {fileID: 0}
  m_PrefabAsset: {fileID: 0}
  m_GameObject: {fileID: 4793524220996851898}
  m_LocalRotation: {x: -0.045270246, y: 0.00038048133, z: -0.012654801, w: 0.9988946}
  m_LocalPosition: {x: 0.0000003669938, y: 46.442978, z: 0.00000006676418}
  m_LocalScale: {x: 0.99999946, y: 1.0000006, z: 0.99999976}
  m_Children:
  - {fileID: 4793524220996355394}
  m_Father: {fileID: 4793524220996355200}
  m_RootOrder: 0
  m_LocalEulerAnglesHint: {x: 0, y: 0, z: 0}
--- !u!1 &4793524220996851900
GameObject:
  m_ObjectHideFlags: 0
  m_CorrespondingSourceObject: {fileID: 0}
  m_PrefabInstance: {fileID: 0}
  m_PrefabAsset: {fileID: 0}
  serializedVersion: 6
  m_Component:
  - component: {fileID: 4793524220996355228}
  m_Layer: 11
  m_Name: VBOT_:RightHandThumb4_end
  m_TagString: Untagged
  m_Icon: {fileID: 0}
  m_NavMeshLayer: 0
  m_StaticEditorFlags: 0
  m_IsActive: 1
--- !u!4 &4793524220996355228
Transform:
  m_ObjectHideFlags: 0
  m_CorrespondingSourceObject: {fileID: 0}
  m_PrefabInstance: {fileID: 0}
  m_PrefabAsset: {fileID: 0}
  m_GameObject: {fileID: 4793524220996851900}
  m_LocalRotation: {x: 0, y: -0, z: -0, w: 1}
  m_LocalPosition: {x: -0, y: 3.4625072, z: 0}
  m_LocalScale: {x: 1, y: 1, z: 1}
  m_Children: []
  m_Father: {fileID: 4793524220996355230}
  m_RootOrder: 0
  m_LocalEulerAnglesHint: {x: 0, y: 0, z: 0}
--- !u!1 &4793524220996851902
GameObject:
  m_ObjectHideFlags: 0
  m_CorrespondingSourceObject: {fileID: 0}
  m_PrefabInstance: {fileID: 0}
  m_PrefabAsset: {fileID: 0}
  serializedVersion: 6
  m_Component:
  - component: {fileID: 4793524220996355230}
  m_Layer: 11
  m_Name: VBOT_:RightHandThumb4
  m_TagString: Untagged
  m_Icon: {fileID: 0}
  m_NavMeshLayer: 0
  m_StaticEditorFlags: 0
  m_IsActive: 1
--- !u!4 &4793524220996355230
Transform:
  m_ObjectHideFlags: 0
  m_CorrespondingSourceObject: {fileID: 0}
  m_PrefabInstance: {fileID: 0}
  m_PrefabAsset: {fileID: 0}
  m_GameObject: {fileID: 4793524220996851902}
  m_LocalRotation: {x: -0.000000001862645, y: -0.0000000037252899, z: 0.000000028870998,
    w: 1}
  m_LocalPosition: {x: -0.18034028, y: 3.457803, z: -0.00000989437}
  m_LocalScale: {x: 1.0000001, y: 1, z: 1}
  m_Children:
  - {fileID: 4793524220996355228}
  m_Father: {fileID: 4793524220996355216}
  m_RootOrder: 0
  m_LocalEulerAnglesHint: {x: 0, y: 0, z: 0}
--- !u!1 &4793524220996852000
GameObject:
  m_ObjectHideFlags: 0
  m_CorrespondingSourceObject: {fileID: 0}
  m_PrefabInstance: {fileID: 0}
  m_PrefabAsset: {fileID: 0}
  serializedVersion: 6
  m_Component:
  - component: {fileID: 4793524220996355328}
  m_Layer: 11
  m_Name: VBOT_:LeftHandIndex3
  m_TagString: Untagged
  m_Icon: {fileID: 0}
  m_NavMeshLayer: 0
  m_StaticEditorFlags: 0
  m_IsActive: 1
--- !u!4 &4793524220996355328
Transform:
  m_ObjectHideFlags: 0
  m_CorrespondingSourceObject: {fileID: 0}
  m_PrefabInstance: {fileID: 0}
  m_PrefabAsset: {fileID: 0}
  m_GameObject: {fileID: 4793524220996852000}
  m_LocalRotation: {x: 0.00000029828897, y: -0.0000003028567, z: 0.00006260211, w: 1}
  m_LocalPosition: {x: 0.0010102539, y: 3.3576708, z: 0.0000006369955}
  m_LocalScale: {x: 1, y: 0.99999976, z: 1}
  m_Children:
  - {fileID: 4793524220996355342}
  m_Father: {fileID: 4793524220996355330}
  m_RootOrder: 0
  m_LocalEulerAnglesHint: {x: 0, y: 0, z: 0}
--- !u!1 &4793524220996852002
GameObject:
  m_ObjectHideFlags: 0
  m_CorrespondingSourceObject: {fileID: 0}
  m_PrefabInstance: {fileID: 0}
  m_PrefabAsset: {fileID: 0}
  serializedVersion: 6
  m_Component:
  - component: {fileID: 4793524220996355330}
  m_Layer: 11
  m_Name: VBOT_:LeftHandIndex2
  m_TagString: Untagged
  m_Icon: {fileID: 0}
  m_NavMeshLayer: 0
  m_StaticEditorFlags: 0
  m_IsActive: 1
--- !u!4 &4793524220996355330
Transform:
  m_ObjectHideFlags: 0
  m_CorrespondingSourceObject: {fileID: 0}
  m_PrefabInstance: {fileID: 0}
  m_PrefabAsset: {fileID: 0}
  m_GameObject: {fileID: 4793524220996852002}
  m_LocalRotation: {x: 0.00000022857085, y: 0.000003505723, z: 0.0004560625, w: 0.99999994}
  m_LocalPosition: {x: -0.0022915674, y: 3.7429478, z: -0.0000026019695}
  m_LocalScale: {x: 0.99999994, y: 0.99999964, z: 1.0000001}
  m_Children:
  - {fileID: 4793524220996355328}
  m_Father: {fileID: 4793524220996355332}
  m_RootOrder: 0
  m_LocalEulerAnglesHint: {x: 0, y: 0, z: 0}
--- !u!1 &4793524220996852004
GameObject:
  m_ObjectHideFlags: 0
  m_CorrespondingSourceObject: {fileID: 0}
  m_PrefabInstance: {fileID: 0}
  m_PrefabAsset: {fileID: 0}
  serializedVersion: 6
  m_Component:
  - component: {fileID: 4793524220996355332}
  m_Layer: 11
  m_Name: VBOT_:LeftHandIndex1
  m_TagString: Untagged
  m_Icon: {fileID: 0}
  m_NavMeshLayer: 0
  m_StaticEditorFlags: 0
  m_IsActive: 1
--- !u!4 &4793524220996355332
Transform:
  m_ObjectHideFlags: 0
  m_CorrespondingSourceObject: {fileID: 0}
  m_PrefabInstance: {fileID: 0}
  m_PrefabAsset: {fileID: 0}
  m_GameObject: {fileID: 4793524220996852004}
  m_LocalRotation: {x: -0.00057633274, y: -0.00008826893, z: -0.057947285, w: 0.9983195}
  m_LocalPosition: {x: 3.3063548, y: 10.214577, z: 0.16185996}
  m_LocalScale: {x: 0.9999994, y: 1.0000005, z: 0.99999946}
  m_Children:
  - {fileID: 4793524220996355330}
  m_Father: {fileID: 4793524220996355334}
  m_RootOrder: 0
  m_LocalEulerAnglesHint: {x: 0, y: 0, z: 0}
--- !u!1 &4793524220996852006
GameObject:
  m_ObjectHideFlags: 0
  m_CorrespondingSourceObject: {fileID: 0}
  m_PrefabInstance: {fileID: 0}
  m_PrefabAsset: {fileID: 0}
  serializedVersion: 6
  m_Component:
  - component: {fileID: 4793524220996355334}
  m_Layer: 11
  m_Name: VBOT_:LeftHand
  m_TagString: Untagged
  m_Icon: {fileID: 0}
  m_NavMeshLayer: 0
  m_StaticEditorFlags: 0
  m_IsActive: 1
--- !u!4 &4793524220996355334
Transform:
  m_ObjectHideFlags: 0
  m_CorrespondingSourceObject: {fileID: 0}
  m_PrefabInstance: {fileID: 0}
  m_PrefabAsset: {fileID: 0}
  m_GameObject: {fileID: 4793524220996852006}
  m_LocalRotation: {x: -0.000122516, y: -0.012010347, z: 0.057643548, w: 0.99826497}
  m_LocalPosition: {x: -0.00000031946908, y: 29.885252, z: -0.0000056620333}
  m_LocalScale: {x: 1.0000005, y: 1, z: 1.0000001}
  m_Children:
  - {fileID: 4793524220996355332}
  - {fileID: 4793524220996355338}
  - {fileID: 4793524220996355376}
  - {fileID: 4793524220996355366}
  - {fileID: 4793524220996355372}
  m_Father: {fileID: 4793524220996355352}
  m_RootOrder: 0
  m_LocalEulerAnglesHint: {x: 0, y: 0, z: 0}
--- !u!1 &4793524220996852008
GameObject:
  m_ObjectHideFlags: 0
  m_CorrespondingSourceObject: {fileID: 0}
  m_PrefabInstance: {fileID: 0}
  m_PrefabAsset: {fileID: 0}
  serializedVersion: 6
  m_Component:
  - component: {fileID: 4793524220996355336}
  m_Layer: 11
  m_Name: VBOT_:LeftHandMiddle2
  m_TagString: Untagged
  m_Icon: {fileID: 0}
  m_NavMeshLayer: 0
  m_StaticEditorFlags: 0
  m_IsActive: 1
--- !u!4 &4793524220996355336
Transform:
  m_ObjectHideFlags: 0
  m_CorrespondingSourceObject: {fileID: 0}
  m_PrefabInstance: {fileID: 0}
  m_PrefabAsset: {fileID: 0}
  m_GameObject: {fileID: 4793524220996852008}
  m_LocalRotation: {x: 0.00000047429356, y: -0.0000044267067, z: -0.00016212398, w: 1}
  m_LocalPosition: {x: -0.00060562877, y: 4.0604153, z: 0.000001076325}
  m_LocalScale: {x: 1, y: 0.9999993, z: 1.0000004}
  m_Children:
  - {fileID: 4793524220996355382}
  m_Father: {fileID: 4793524220996355338}
  m_RootOrder: 0
  m_LocalEulerAnglesHint: {x: 0, y: 0, z: 0}
--- !u!1 &4793524220996852010
GameObject:
  m_ObjectHideFlags: 0
  m_CorrespondingSourceObject: {fileID: 0}
  m_PrefabInstance: {fileID: 0}
  m_PrefabAsset: {fileID: 0}
  serializedVersion: 6
  m_Component:
  - component: {fileID: 4793524220996355338}
  m_Layer: 11
  m_Name: VBOT_:LeftHandMiddle1
  m_TagString: Untagged
  m_Icon: {fileID: 0}
  m_NavMeshLayer: 0
  m_StaticEditorFlags: 0
  m_IsActive: 1
--- !u!4 &4793524220996355338
Transform:
  m_ObjectHideFlags: 0
  m_CorrespondingSourceObject: {fileID: 0}
  m_PrefabInstance: {fileID: 0}
  m_PrefabAsset: {fileID: 0}
  m_GameObject: {fileID: 4793524220996852010}
  m_LocalRotation: {x: -0.0007780783, y: -0.0035744617, z: -0.057712052, w: 0.9983266}
  m_LocalPosition: {x: 1.1613122, y: 10.023253, z: -0.011463714}
  m_LocalScale: {x: 1, y: 1.0000005, z: 0.9999997}
  m_Children:
  - {fileID: 4793524220996355336}
  m_Father: {fileID: 4793524220996355334}
  m_RootOrder: 1
  m_LocalEulerAnglesHint: {x: 0, y: 0, z: 0}
--- !u!1 &4793524220996852012
GameObject:
  m_ObjectHideFlags: 0
  m_CorrespondingSourceObject: {fileID: 0}
  m_PrefabInstance: {fileID: 0}
  m_PrefabAsset: {fileID: 0}
  serializedVersion: 6
  m_Component:
  - component: {fileID: 4793524220996355340}
  m_Layer: 11
  m_Name: VBOT_:LeftHandIndex4_end
  m_TagString: Untagged
  m_Icon: {fileID: 0}
  m_NavMeshLayer: 0
  m_StaticEditorFlags: 0
  m_IsActive: 1
--- !u!4 &4793524220996355340
Transform:
  m_ObjectHideFlags: 0
  m_CorrespondingSourceObject: {fileID: 0}
  m_PrefabInstance: {fileID: 0}
  m_PrefabAsset: {fileID: 0}
  m_GameObject: {fileID: 4793524220996852012}
  m_LocalRotation: {x: 0, y: -0, z: -0, w: 1}
  m_LocalPosition: {x: -0, y: 3.0745397, z: 0}
  m_LocalScale: {x: 1, y: 1, z: 1}
  m_Children: []
  m_Father: {fileID: 4793524220996355342}
  m_RootOrder: 0
  m_LocalEulerAnglesHint: {x: 0, y: 0, z: 0}
--- !u!1 &4793524220996852014
GameObject:
  m_ObjectHideFlags: 0
  m_CorrespondingSourceObject: {fileID: 0}
  m_PrefabInstance: {fileID: 0}
  m_PrefabAsset: {fileID: 0}
  serializedVersion: 6
  m_Component:
  - component: {fileID: 4793524220996355342}
  m_Layer: 11
  m_Name: VBOT_:LeftHandIndex4
  m_TagString: Untagged
  m_Icon: {fileID: 0}
  m_NavMeshLayer: 0
  m_StaticEditorFlags: 0
  m_IsActive: 1
--- !u!4 &4793524220996355342
Transform:
  m_ObjectHideFlags: 0
  m_CorrespondingSourceObject: {fileID: 0}
  m_PrefabInstance: {fileID: 0}
  m_PrefabAsset: {fileID: 0}
  m_GameObject: {fileID: 4793524220996852014}
  m_LocalRotation: {x: -0.00000008045498, y: 2.508182e-10, z: -5.8730437e-10, w: 1}
  m_LocalPosition: {x: 0.0012805796, y: 3.074536, z: -0.0000063007456}
  m_LocalScale: {x: 1, y: 1, z: 1}
  m_Children:
  - {fileID: 4793524220996355340}
  m_Father: {fileID: 4793524220996355328}
  m_RootOrder: 0
  m_LocalEulerAnglesHint: {x: 0, y: 0, z: 0}
--- !u!1 &4793524220996852016
GameObject:
  m_ObjectHideFlags: 0
  m_CorrespondingSourceObject: {fileID: 0}
  m_PrefabInstance: {fileID: 0}
  m_PrefabAsset: {fileID: 0}
  serializedVersion: 6
  m_Component:
  - component: {fileID: 4793524220996355344}
  m_Layer: 11
  m_Name: VBOT_:HeadTop_End_end
  m_TagString: Untagged
  m_Icon: {fileID: 0}
  m_NavMeshLayer: 0
  m_StaticEditorFlags: 0
  m_IsActive: 1
--- !u!4 &4793524220996355344
Transform:
  m_ObjectHideFlags: 0
  m_CorrespondingSourceObject: {fileID: 0}
  m_PrefabInstance: {fileID: 0}
  m_PrefabAsset: {fileID: 0}
  m_GameObject: {fileID: 4793524220996852016}
  m_LocalRotation: {x: 0, y: -0, z: -0, w: 1}
  m_LocalPosition: {x: -0, y: 22.191282, z: 0}
  m_LocalScale: {x: 1, y: 1, z: 1}
  m_Children: []
  m_Father: {fileID: 4793524220996355346}
  m_RootOrder: 0
  m_LocalEulerAnglesHint: {x: 0, y: 0, z: 0}
--- !u!1 &4793524220996852018
GameObject:
  m_ObjectHideFlags: 0
  m_CorrespondingSourceObject: {fileID: 0}
  m_PrefabInstance: {fileID: 0}
  m_PrefabAsset: {fileID: 0}
  serializedVersion: 6
  m_Component:
  - component: {fileID: 4793524220996355346}
  m_Layer: 11
  m_Name: VBOT_:HeadTop_End
  m_TagString: Untagged
  m_Icon: {fileID: 0}
  m_NavMeshLayer: 0
  m_StaticEditorFlags: 0
  m_IsActive: 1
--- !u!4 &4793524220996355346
Transform:
  m_ObjectHideFlags: 0
  m_CorrespondingSourceObject: {fileID: 0}
  m_PrefabInstance: {fileID: 0}
  m_PrefabAsset: {fileID: 0}
  m_GameObject: {fileID: 4793524220996852018}
  m_LocalRotation: {x: 1.6653348e-16, y: 4.387005e-19, z: 9.1814114e-20, w: 1}
  m_LocalPosition: {x: -1.5957928e-11, y: 20.432783, z: 8.657652}
  m_LocalScale: {x: 1, y: 1, z: 1}
  m_Children:
  - {fileID: 4793524220996355344}
  m_Father: {fileID: 4793524220996355348}
  m_RootOrder: 0
  m_LocalEulerAnglesHint: {x: 0, y: 0, z: 0}
--- !u!1 &4793524220996852020
GameObject:
  m_ObjectHideFlags: 0
  m_CorrespondingSourceObject: {fileID: 0}
  m_PrefabInstance: {fileID: 0}
  m_PrefabAsset: {fileID: 0}
  serializedVersion: 6
  m_Component:
  - component: {fileID: 4793524220996355348}
  m_Layer: 11
  m_Name: VBOT_:Head
  m_TagString: Untagged
  m_Icon: {fileID: 0}
  m_NavMeshLayer: 0
  m_StaticEditorFlags: 0
  m_IsActive: 1
--- !u!4 &4793524220996355348
Transform:
  m_ObjectHideFlags: 0
  m_CorrespondingSourceObject: {fileID: 0}
  m_PrefabInstance: {fileID: 0}
  m_PrefabAsset: {fileID: 0}
  m_GameObject: {fileID: 4793524220996852020}
  m_LocalRotation: {x: 1.6653348e-16, y: 4.387005e-19, z: 9.1814114e-20, w: 1}
  m_LocalPosition: {x: -7.3683655e-12, y: 5.6972804, z: 2.4140098}
  m_LocalScale: {x: 1, y: 1, z: 1}
  m_Children:
  - {fileID: 4793524220996355346}
  m_Father: {fileID: 4793524220996355398}
  m_RootOrder: 0
  m_LocalEulerAnglesHint: {x: 0, y: 0, z: 0}
--- !u!1 &4793524220996852022
GameObject:
  m_ObjectHideFlags: 0
  m_CorrespondingSourceObject: {fileID: 0}
  m_PrefabInstance: {fileID: 0}
  m_PrefabAsset: {fileID: 0}
  serializedVersion: 6
  m_Component:
  - component: {fileID: 4793524220996355350}
  m_Layer: 11
  m_Name: Armature
  m_TagString: Untagged
  m_Icon: {fileID: 0}
  m_NavMeshLayer: 0
  m_StaticEditorFlags: 0
  m_IsActive: 1
--- !u!4 &4793524220996355350
Transform:
  m_ObjectHideFlags: 0
  m_CorrespondingSourceObject: {fileID: 0}
  m_PrefabInstance: {fileID: 0}
  m_PrefabAsset: {fileID: 0}
  m_GameObject: {fileID: 4793524220996852022}
  m_LocalRotation: {x: 0.000000081460335, y: -0, z: -0, w: 1}
  m_LocalPosition: {x: 0, y: 0, z: 0}
  m_LocalScale: {x: 0.01, y: 0.01, z: 0.01}
  m_Children:
  - {fileID: 4793524220996355358}
  m_Father: {fileID: 8570826971423754968}
  m_RootOrder: 1
  m_LocalEulerAnglesHint: {x: 0, y: 0, z: 0}
--- !u!1 &4793524220996852024
GameObject:
  m_ObjectHideFlags: 0
  m_CorrespondingSourceObject: {fileID: 0}
  m_PrefabInstance: {fileID: 0}
  m_PrefabAsset: {fileID: 0}
  serializedVersion: 6
  m_Component:
  - component: {fileID: 4793524220996355352}
  m_Layer: 11
  m_Name: VBOT_:LeftForeArm
  m_TagString: Untagged
  m_Icon: {fileID: 0}
  m_NavMeshLayer: 0
  m_StaticEditorFlags: 0
  m_IsActive: 1
--- !u!4 &4793524220996355352
Transform:
  m_ObjectHideFlags: 0
  m_CorrespondingSourceObject: {fileID: 0}
  m_PrefabInstance: {fileID: 0}
  m_PrefabAsset: {fileID: 0}
  m_GameObject: {fileID: 4793524220996852024}
  m_LocalRotation: {x: 0.0000014798451, y: 0.00010023918, z: 0.00000030412875, w: 1}
  m_LocalPosition: {x: -0.00000024976904, y: 28.782934, z: 0.000004796884}
  m_LocalScale: {x: 1.0000001, y: 0.99999964, z: 0.9999999}
  m_Children:
  - {fileID: 4793524220996355334}
  m_Father: {fileID: 4793524220996355356}
  m_RootOrder: 0
  m_LocalEulerAnglesHint: {x: 0, y: 0, z: 0}
--- !u!1 &4793524220996852026
GameObject:
  m_ObjectHideFlags: 0
  m_CorrespondingSourceObject: {fileID: 0}
  m_PrefabInstance: {fileID: 0}
  m_PrefabAsset: {fileID: 0}
  serializedVersion: 6
  m_Component:
  - component: {fileID: 4793524220996355354}
  m_Layer: 11
  m_Name: VBOT_:LeftFoot
  m_TagString: Untagged
  m_Icon: {fileID: 0}
  m_NavMeshLayer: 0
  m_StaticEditorFlags: 0
  m_IsActive: 1
--- !u!4 &4793524220996355354
Transform:
  m_ObjectHideFlags: 0
  m_CorrespondingSourceObject: {fileID: 0}
  m_PrefabInstance: {fileID: 0}
  m_PrefabAsset: {fileID: 0}
  m_GameObject: {fileID: 4793524220996852026}
  m_LocalRotation: {x: 0.48034218, y: -0.0065366975, z: -0.0049221627, w: 0.877043}
  m_LocalPosition: {x: 0.00000043968424, y: 42.52575, z: 0.0000009657814}
  m_LocalScale: {x: 1.0000001, y: 1, z: 1.0000004}
  m_Children:
  - {fileID: 4793524220996355418}
  m_Father: {fileID: 4793524220996355410}
  m_RootOrder: 0
  m_LocalEulerAnglesHint: {x: 0, y: 0, z: 0}
--- !u!1 &4793524220996852028
GameObject:
  m_ObjectHideFlags: 0
  m_CorrespondingSourceObject: {fileID: 0}
  m_PrefabInstance: {fileID: 0}
  m_PrefabAsset: {fileID: 0}
  serializedVersion: 6
  m_Component:
  - component: {fileID: 4793524220996355356}
  m_Layer: 11
  m_Name: VBOT_:LeftArm
  m_TagString: Untagged
  m_Icon: {fileID: 0}
  m_NavMeshLayer: 0
  m_StaticEditorFlags: 0
  m_IsActive: 1
--- !u!4 &4793524220996355356
Transform:
  m_ObjectHideFlags: 0
  m_CorrespondingSourceObject: {fileID: 0}
  m_PrefabInstance: {fileID: 0}
  m_PrefabAsset: {fileID: 0}
  m_GameObject: {fileID: 4793524220996852028}
  m_LocalRotation: {x: -0.1476417, y: 0.007941283, z: -0.00621769, w: 0.9889895}
  m_LocalPosition: {x: -0.00000041723246, y: 12.885074, z: 0.000009480863}
  m_LocalScale: {x: 0.9999999, y: 1.0000001, z: 1.0000001}
  m_Children:
  - {fileID: 4793524220996355352}
  m_Father: {fileID: 4793524220996355408}
  m_RootOrder: 0
  m_LocalEulerAnglesHint: {x: 0, y: 0, z: 0}
--- !u!1 &4793524220996852030
GameObject:
  m_ObjectHideFlags: 0
  m_CorrespondingSourceObject: {fileID: 0}
  m_PrefabInstance: {fileID: 0}
  m_PrefabAsset: {fileID: 0}
  serializedVersion: 6
  m_Component:
  - component: {fileID: 4793524220996355358}
  m_Layer: 11
  m_Name: VBOT_:Hips
  m_TagString: Untagged
  m_Icon: {fileID: 0}
  m_NavMeshLayer: 0
  m_StaticEditorFlags: 0
  m_IsActive: 1
--- !u!4 &4793524220996355358
Transform:
  m_ObjectHideFlags: 0
  m_CorrespondingSourceObject: {fileID: 0}
  m_PrefabInstance: {fileID: 0}
  m_PrefabAsset: {fileID: 0}
  m_GameObject: {fileID: 4793524220996852030}
  m_LocalRotation: {x: -0.00000017530357, y: 0.00000047677122, z: -0.000014443002,
    w: 1}
  m_LocalPosition: {x: 0.0001989955, y: 104.91373, z: -1.9585698}
  m_LocalScale: {x: 1, y: 1, z: 1}
  m_Children:
  - {fileID: 4793524220996355416}
  - {fileID: 4793524220996355200}
  - {fileID: 4793524220996355214}
  m_Father: {fileID: 4793524220996355350}
  m_RootOrder: 0
  m_LocalEulerAnglesHint: {x: 0, y: 0, z: 0}
--- !u!1 &4793524220996852032
GameObject:
  m_ObjectHideFlags: 0
  m_CorrespondingSourceObject: {fileID: 0}
  m_PrefabInstance: {fileID: 0}
  m_PrefabAsset: {fileID: 0}
  serializedVersion: 6
  m_Component:
  - component: {fileID: 4793524220996355360}
  m_Layer: 11
  m_Name: VBOT_:LeftHandRing4
  m_TagString: Untagged
  m_Icon: {fileID: 0}
  m_NavMeshLayer: 0
  m_StaticEditorFlags: 0
  m_IsActive: 1
--- !u!4 &4793524220996355360
Transform:
  m_ObjectHideFlags: 0
  m_CorrespondingSourceObject: {fileID: 0}
  m_PrefabInstance: {fileID: 0}
  m_PrefabAsset: {fileID: 0}
  m_GameObject: {fileID: 4793524220996852032}
  m_LocalRotation: {x: 0.00000003154195, y: 0.0000000055908194, z: 0.0000000044438986,
    w: 1}
  m_LocalPosition: {x: -0.00041358633, y: 2.9665046, z: 0.000024707984}
  m_LocalScale: {x: 1, y: 1, z: 1}
  m_Children:
  - {fileID: 4793524220996355374}
  m_Father: {fileID: 4793524220996355362}
  m_RootOrder: 0
  m_LocalEulerAnglesHint: {x: 0, y: 0, z: 0}
--- !u!1 &4793524220996852034
GameObject:
  m_ObjectHideFlags: 0
  m_CorrespondingSourceObject: {fileID: 0}
  m_PrefabInstance: {fileID: 0}
  m_PrefabAsset: {fileID: 0}
  serializedVersion: 6
  m_Component:
  - component: {fileID: 4793524220996355362}
  m_Layer: 11
  m_Name: VBOT_:LeftHandRing3
  m_TagString: Untagged
  m_Icon: {fileID: 0}
  m_NavMeshLayer: 0
  m_StaticEditorFlags: 0
  m_IsActive: 1
--- !u!4 &4793524220996355362
Transform:
  m_ObjectHideFlags: 0
  m_CorrespondingSourceObject: {fileID: 0}
  m_PrefabInstance: {fileID: 0}
  m_PrefabAsset: {fileID: 0}
  m_GameObject: {fileID: 4793524220996852034}
  m_LocalRotation: {x: 0.0000019568083, y: -0.000005436704, z: -0.00003674567, w: 1}
  m_LocalPosition: {x: -0.00015043419, y: 3.2566519, z: 0.000012098184}
  m_LocalScale: {x: 1.0000001, y: 0.99999994, z: 0.9999996}
  m_Children:
  - {fileID: 4793524220996355360}
  m_Father: {fileID: 4793524220996355364}
  m_RootOrder: 0
  m_LocalEulerAnglesHint: {x: 0, y: 0, z: 0}
--- !u!1 &4793524220996852036
GameObject:
  m_ObjectHideFlags: 0
  m_CorrespondingSourceObject: {fileID: 0}
  m_PrefabInstance: {fileID: 0}
  m_PrefabAsset: {fileID: 0}
  serializedVersion: 6
  m_Component:
  - component: {fileID: 4793524220996355364}
  m_Layer: 11
  m_Name: VBOT_:LeftHandRing2
  m_TagString: Untagged
  m_Icon: {fileID: 0}
  m_NavMeshLayer: 0
  m_StaticEditorFlags: 0
  m_IsActive: 1
--- !u!4 &4793524220996355364
Transform:
  m_ObjectHideFlags: 0
  m_CorrespondingSourceObject: {fileID: 0}
  m_PrefabInstance: {fileID: 0}
  m_PrefabAsset: {fileID: 0}
  m_GameObject: {fileID: 4793524220996852036}
  m_LocalRotation: {x: -0.0000003780744, y: -0.0000008826013, z: -0.00012194871, w: 1}
  m_LocalPosition: {x: 0.00056505756, y: 3.2887824, z: -0.00001606815}
  m_LocalScale: {x: 1, y: 0.9999999, z: 1.0000002}
  m_Children:
  - {fileID: 4793524220996355362}
  m_Father: {fileID: 4793524220996355366}
  m_RootOrder: 0
  m_LocalEulerAnglesHint: {x: 0, y: 0, z: 0}
--- !u!1 &4793524220996852038
GameObject:
  m_ObjectHideFlags: 0
  m_CorrespondingSourceObject: {fileID: 0}
  m_PrefabInstance: {fileID: 0}
  m_PrefabAsset: {fileID: 0}
  serializedVersion: 6
  m_Component:
  - component: {fileID: 4793524220996355366}
  m_Layer: 11
  m_Name: VBOT_:LeftHandRing1
  m_TagString: Untagged
  m_Icon: {fileID: 0}
  m_NavMeshLayer: 0
  m_StaticEditorFlags: 0
  m_IsActive: 1
--- !u!4 &4793524220996355366
Transform:
  m_ObjectHideFlags: 0
  m_CorrespondingSourceObject: {fileID: 0}
  m_PrefabInstance: {fileID: 0}
  m_PrefabAsset: {fileID: 0}
  m_GameObject: {fileID: 4793524220996852038}
  m_LocalRotation: {x: -0.0007830648, y: -0.003655989, z: -0.05754699, w: 0.99833584}
  m_LocalPosition: {x: -1.3299953, y: 10.050946, z: -0.0104290685}
  m_LocalScale: {x: 0.9999994, y: 1.0000001, z: 0.99999976}
  m_Children:
  - {fileID: 4793524220996355364}
  m_Father: {fileID: 4793524220996355334}
  m_RootOrder: 3
  m_LocalEulerAnglesHint: {x: 0, y: 0, z: 0}
--- !u!1 &4793524220996852040
GameObject:
  m_ObjectHideFlags: 0
  m_CorrespondingSourceObject: {fileID: 0}
  m_PrefabInstance: {fileID: 0}
  m_PrefabAsset: {fileID: 0}
  serializedVersion: 6
  m_Component:
  - component: {fileID: 4793524220996355368}
  m_Layer: 11
  m_Name: VBOT_:LeftHandThumb3
  m_TagString: Untagged
  m_Icon: {fileID: 0}
  m_NavMeshLayer: 0
  m_StaticEditorFlags: 0
  m_IsActive: 1
--- !u!4 &4793524220996355368
Transform:
  m_ObjectHideFlags: 0
  m_CorrespondingSourceObject: {fileID: 0}
  m_PrefabInstance: {fileID: 0}
  m_PrefabAsset: {fileID: 0}
  m_GameObject: {fileID: 4793524220996852040}
  m_LocalRotation: {x: -0.00010924415, y: -0.0015527824, z: -0.035468064, w: 0.9993696}
  m_LocalPosition: {x: 0.37320492, y: 3.4936535, z: 0.0000001788139}
  m_LocalScale: {x: 1, y: 0.9999999, z: 0.99999946}
  m_Children:
  - {fileID: 4793524220996355414}
  m_Father: {fileID: 4793524220996355370}
  m_RootOrder: 0
  m_LocalEulerAnglesHint: {x: 0, y: 0, z: 0}
--- !u!1 &4793524220996852042
GameObject:
  m_ObjectHideFlags: 0
  m_CorrespondingSourceObject: {fileID: 0}
  m_PrefabInstance: {fileID: 0}
  m_PrefabAsset: {fileID: 0}
  serializedVersion: 6
  m_Component:
  - component: {fileID: 4793524220996355370}
  m_Layer: 11
  m_Name: VBOT_:LeftHandThumb2
  m_TagString: Untagged
  m_Icon: {fileID: 0}
  m_NavMeshLayer: 0
  m_StaticEditorFlags: 0
  m_IsActive: 1
--- !u!4 &4793524220996355370
Transform:
  m_ObjectHideFlags: 0
  m_CorrespondingSourceObject: {fileID: 0}
  m_PrefabInstance: {fileID: 0}
  m_PrefabAsset: {fileID: 0}
  m_GameObject: {fileID: 4793524220996852042}
  m_LocalRotation: {x: 0.00008349873, y: -0.003154348, z: 0.13292927, w: 0.9911205}
  m_LocalPosition: {x: -0.49680838, y: 3.074016, z: 0.0000138506275}
  m_LocalScale: {x: 1, y: 1, z: 1.0000001}
  m_Children:
  - {fileID: 4793524220996355368}
  m_Father: {fileID: 4793524220996355372}
  m_RootOrder: 0
  m_LocalEulerAnglesHint: {x: 0, y: 0, z: 0}
--- !u!1 &4793524220996852044
GameObject:
  m_ObjectHideFlags: 0
  m_CorrespondingSourceObject: {fileID: 0}
  m_PrefabInstance: {fileID: 0}
  m_PrefabAsset: {fileID: 0}
  serializedVersion: 6
  m_Component:
  - component: {fileID: 4793524220996355372}
  m_Layer: 11
  m_Name: VBOT_:LeftHandThumb1
  m_TagString: Untagged
  m_Icon: {fileID: 0}
  m_NavMeshLayer: 0
  m_StaticEditorFlags: 0
  m_IsActive: 1
--- !u!4 &4793524220996355372
Transform:
  m_ObjectHideFlags: 0
  m_CorrespondingSourceObject: {fileID: 0}
  m_PrefabInstance: {fileID: 0}
  m_PrefabAsset: {fileID: 0}
  m_GameObject: {fileID: 4793524220996852044}
  m_LocalRotation: {x: 0.21708518, y: -0.08679054, z: -0.38361028, w: 0.89341176}
  m_LocalPosition: {x: 2.207032, y: 2.8915968, z: 1.3849902}
  m_LocalScale: {x: 1, y: 1.0000002, z: 0.99999964}
  m_Children:
  - {fileID: 4793524220996355370}
  m_Father: {fileID: 4793524220996355334}
  m_RootOrder: 4
  m_LocalEulerAnglesHint: {x: 0, y: 0, z: 0}
--- !u!1 &4793524220996852046
GameObject:
  m_ObjectHideFlags: 0
  m_CorrespondingSourceObject: {fileID: 0}
  m_PrefabInstance: {fileID: 0}
  m_PrefabAsset: {fileID: 0}
  serializedVersion: 6
  m_Component:
  - component: {fileID: 4793524220996355374}
  m_Layer: 11
  m_Name: VBOT_:LeftHandRing4_end
  m_TagString: Untagged
  m_Icon: {fileID: 0}
  m_NavMeshLayer: 0
  m_StaticEditorFlags: 0
  m_IsActive: 1
--- !u!4 &4793524220996355374
Transform:
  m_ObjectHideFlags: 0
  m_CorrespondingSourceObject: {fileID: 0}
  m_PrefabInstance: {fileID: 0}
  m_PrefabAsset: {fileID: 0}
  m_GameObject: {fileID: 4793524220996852046}
  m_LocalRotation: {x: 0, y: -0, z: -0, w: 1}
  m_LocalPosition: {x: -0, y: 2.966476, z: 0}
  m_LocalScale: {x: 1, y: 1, z: 1}
  m_Children: []
  m_Father: {fileID: 4793524220996355360}
  m_RootOrder: 0
  m_LocalEulerAnglesHint: {x: 0, y: 0, z: 0}
--- !u!1 &4793524220996852048
GameObject:
  m_ObjectHideFlags: 0
  m_CorrespondingSourceObject: {fileID: 0}
  m_PrefabInstance: {fileID: 0}
  m_PrefabAsset: {fileID: 0}
  serializedVersion: 6
  m_Component:
  - component: {fileID: 4793524220996355376}
  m_Layer: 11
  m_Name: VBOT_:LeftHandPinky1
  m_TagString: Untagged
  m_Icon: {fileID: 0}
  m_NavMeshLayer: 0
  m_StaticEditorFlags: 0
  m_IsActive: 1
--- !u!4 &4793524220996355376
Transform:
  m_ObjectHideFlags: 0
  m_CorrespondingSourceObject: {fileID: 0}
  m_PrefabInstance: {fileID: 0}
  m_PrefabAsset: {fileID: 0}
  m_GameObject: {fileID: 4793524220996852048}
  m_LocalRotation: {x: -0.0004632812, y: 0.0018745903, z: -0.05825882, w: 0.99829966}
  m_LocalPosition: {x: -3.1376705, y: 9.433374, z: 0.09271452}
  m_LocalScale: {x: 0.99999994, y: 0.9999999, z: 0.99999994}
  m_Children:
  - {fileID: 4793524220996355390}
  m_Father: {fileID: 4793524220996355334}
  m_RootOrder: 2
  m_LocalEulerAnglesHint: {x: 0, y: 0, z: 0}
--- !u!1 &4793524220996852050
GameObject:
  m_ObjectHideFlags: 0
  m_CorrespondingSourceObject: {fileID: 0}
  m_PrefabInstance: {fileID: 0}
  m_PrefabAsset: {fileID: 0}
  serializedVersion: 6
  m_Component:
  - component: {fileID: 4793524220996355378}
  m_Layer: 11
  m_Name: VBOT_:LeftHandMiddle4_end
  m_TagString: Untagged
  m_Icon: {fileID: 0}
  m_NavMeshLayer: 0
  m_StaticEditorFlags: 0
  m_IsActive: 1
--- !u!4 &4793524220996355378
Transform:
  m_ObjectHideFlags: 0
  m_CorrespondingSourceObject: {fileID: 0}
  m_PrefabInstance: {fileID: 0}
  m_PrefabAsset: {fileID: 0}
  m_GameObject: {fileID: 4793524220996852050}
  m_LocalRotation: {x: 0, y: -0, z: -0, w: 1}
  m_LocalPosition: {x: -0, y: 3.627485, z: 0}
  m_LocalScale: {x: 1, y: 1, z: 1}
  m_Children: []
  m_Father: {fileID: 4793524220996355380}
  m_RootOrder: 0
  m_LocalEulerAnglesHint: {x: 0, y: 0, z: 0}
--- !u!1 &4793524220996852052
GameObject:
  m_ObjectHideFlags: 0
  m_CorrespondingSourceObject: {fileID: 0}
  m_PrefabInstance: {fileID: 0}
  m_PrefabAsset: {fileID: 0}
  serializedVersion: 6
  m_Component:
  - component: {fileID: 4793524220996355380}
  m_Layer: 11
  m_Name: VBOT_:LeftHandMiddle4
  m_TagString: Untagged
  m_Icon: {fileID: 0}
  m_NavMeshLayer: 0
  m_StaticEditorFlags: 0
  m_IsActive: 1
--- !u!4 &4793524220996355380
Transform:
  m_ObjectHideFlags: 0
  m_CorrespondingSourceObject: {fileID: 0}
  m_PrefabInstance: {fileID: 0}
  m_PrefabAsset: {fileID: 0}
  m_GameObject: {fileID: 4793524220996852052}
  m_LocalRotation: {x: 0.00000005096203, y: -1.3542201e-10, z: -0.0000000016708129,
    w: 1}
  m_LocalPosition: {x: 0.0024477316, y: 3.6274886, z: -0.000003631692}
  m_LocalScale: {x: 1, y: 1.0000001, z: 1}
  m_Children:
  - {fileID: 4793524220996355378}
  m_Father: {fileID: 4793524220996355382}
  m_RootOrder: 0
  m_LocalEulerAnglesHint: {x: 0, y: 0, z: 0}
--- !u!1 &4793524220996852054
GameObject:
  m_ObjectHideFlags: 0
  m_CorrespondingSourceObject: {fileID: 0}
  m_PrefabInstance: {fileID: 0}
  m_PrefabAsset: {fileID: 0}
  serializedVersion: 6
  m_Component:
  - component: {fileID: 4793524220996355382}
  m_Layer: 11
  m_Name: VBOT_:LeftHandMiddle3
  m_TagString: Untagged
  m_Icon: {fileID: 0}
  m_NavMeshLayer: 0
  m_StaticEditorFlags: 0
  m_IsActive: 1
--- !u!4 &4793524220996355382
Transform:
  m_ObjectHideFlags: 0
  m_CorrespondingSourceObject: {fileID: 0}
  m_PrefabInstance: {fileID: 0}
  m_PrefabAsset: {fileID: 0}
  m_GameObject: {fileID: 4793524220996852054}
  m_LocalRotation: {x: 0.0000016969184, y: -0.000004723498, z: 0.0005666729, w: 0.9999999}
  m_LocalPosition: {x: -0.0018412618, y: 3.8137581, z: 0.0000071693203}
  m_LocalScale: {x: 0.99999994, y: 1.0000006, z: 0.99999976}
  m_Children:
  - {fileID: 4793524220996355380}
  m_Father: {fileID: 4793524220996355336}
  m_RootOrder: 0
  m_LocalEulerAnglesHint: {x: 0, y: 0, z: 0}
--- !u!1 &4793524220996852056
GameObject:
  m_ObjectHideFlags: 0
  m_CorrespondingSourceObject: {fileID: 0}
  m_PrefabInstance: {fileID: 0}
  m_PrefabAsset: {fileID: 0}
  serializedVersion: 6
  m_Component:
  - component: {fileID: 4793524220996355384}
  m_Layer: 11
  m_Name: VBOT_:LeftHandPinky4_end
  m_TagString: Untagged
  m_Icon: {fileID: 0}
  m_NavMeshLayer: 0
  m_StaticEditorFlags: 0
  m_IsActive: 1
--- !u!4 &4793524220996355384
Transform:
  m_ObjectHideFlags: 0
  m_CorrespondingSourceObject: {fileID: 0}
  m_PrefabInstance: {fileID: 0}
  m_PrefabAsset: {fileID: 0}
  m_GameObject: {fileID: 4793524220996852056}
  m_LocalRotation: {x: 0, y: -0, z: -0, w: 1}
  m_LocalPosition: {x: -0, y: 2.2874296, z: 0}
  m_LocalScale: {x: 1, y: 1, z: 1}
  m_Children: []
  m_Father: {fileID: 4793524220996355386}
  m_RootOrder: 0
  m_LocalEulerAnglesHint: {x: 0, y: 0, z: 0}
--- !u!1 &4793524220996852058
GameObject:
  m_ObjectHideFlags: 0
  m_CorrespondingSourceObject: {fileID: 0}
  m_PrefabInstance: {fileID: 0}
  m_PrefabAsset: {fileID: 0}
  serializedVersion: 6
  m_Component:
  - component: {fileID: 4793524220996355386}
  m_Layer: 11
  m_Name: VBOT_:LeftHandPinky4
  m_TagString: Untagged
  m_Icon: {fileID: 0}
  m_NavMeshLayer: 0
  m_StaticEditorFlags: 0
  m_IsActive: 1
--- !u!4 &4793524220996355386
Transform:
  m_ObjectHideFlags: 0
  m_CorrespondingSourceObject: {fileID: 0}
  m_PrefabInstance: {fileID: 0}
  m_PrefabAsset: {fileID: 0}
  m_GameObject: {fileID: 4793524220996852058}
  m_LocalRotation: {x: 0.0000000027521878, y: -9.31788e-10, z: -0.000000019734088,
    w: 1}
  m_LocalPosition: {x: 0.004042044, y: 2.2874355, z: 0.0000013776297}
  m_LocalScale: {x: 1, y: 1, z: 1}
  m_Children:
  - {fileID: 4793524220996355384}
  m_Father: {fileID: 4793524220996355388}
  m_RootOrder: 0
  m_LocalEulerAnglesHint: {x: 0, y: 0, z: 0}
--- !u!1 &4793524220996852060
GameObject:
  m_ObjectHideFlags: 0
  m_CorrespondingSourceObject: {fileID: 0}
  m_PrefabInstance: {fileID: 0}
  m_PrefabAsset: {fileID: 0}
  serializedVersion: 6
  m_Component:
  - component: {fileID: 4793524220996355388}
  m_Layer: 11
  m_Name: VBOT_:LeftHandPinky3
  m_TagString: Untagged
  m_Icon: {fileID: 0}
  m_NavMeshLayer: 0
  m_StaticEditorFlags: 0
  m_IsActive: 1
--- !u!4 &4793524220996355388
Transform:
  m_ObjectHideFlags: 0
  m_CorrespondingSourceObject: {fileID: 0}
  m_PrefabInstance: {fileID: 0}
  m_PrefabAsset: {fileID: 0}
  m_GameObject: {fileID: 4793524220996852060}
  m_LocalRotation: {x: -0.00000036671616, y: 0.00006196149, z: 0.00089296716, w: 0.99999964}
  m_LocalPosition: {x: -0.00007703411, y: 2.6718638, z: 0.000018784818}
  m_LocalScale: {x: 0.9999999, y: 1.0000007, z: 1.0000002}
  m_Children:
  - {fileID: 4793524220996355386}
  m_Father: {fileID: 4793524220996355390}
  m_RootOrder: 0
  m_LocalEulerAnglesHint: {x: 0, y: 0, z: 0}
--- !u!1 &4793524220996852062
GameObject:
  m_ObjectHideFlags: 0
  m_CorrespondingSourceObject: {fileID: 0}
  m_PrefabInstance: {fileID: 0}
  m_PrefabAsset: {fileID: 0}
  serializedVersion: 6
  m_Component:
  - component: {fileID: 4793524220996355390}
  m_Layer: 11
  m_Name: VBOT_:LeftHandPinky2
  m_TagString: Untagged
  m_Icon: {fileID: 0}
  m_NavMeshLayer: 0
  m_StaticEditorFlags: 0
  m_IsActive: 1
--- !u!4 &4793524220996355390
Transform:
  m_ObjectHideFlags: 0
  m_CorrespondingSourceObject: {fileID: 0}
  m_PrefabInstance: {fileID: 0}
  m_PrefabAsset: {fileID: 0}
  m_GameObject: {fileID: 4793524220996852062}
  m_LocalRotation: {x: -0.0000011046868, y: 0.000015655518, z: 0.0005995122, w: 0.9999998}
  m_LocalPosition: {x: -0.0039647813, y: 3.2343884, z: -0.000012723378}
  m_LocalScale: {x: 1.0000001, y: 0.9999998, z: 0.9999997}
  m_Children:
  - {fileID: 4793524220996355388}
  m_Father: {fileID: 4793524220996355376}
  m_RootOrder: 0
  m_LocalEulerAnglesHint: {x: 0, y: 0, z: 0}
--- !u!1 &4793524220996852064
GameObject:
  m_ObjectHideFlags: 0
  m_CorrespondingSourceObject: {fileID: 0}
  m_PrefabInstance: {fileID: 0}
  m_PrefabAsset: {fileID: 0}
  serializedVersion: 6
  m_Component:
  - component: {fileID: 4793524220996355392}
  m_Layer: 11
  m_Name: VBOT_:RightForeArm
  m_TagString: Untagged
  m_Icon: {fileID: 0}
  m_NavMeshLayer: 0
  m_StaticEditorFlags: 0
  m_IsActive: 1
--- !u!4 &4793524220996355392
Transform:
  m_ObjectHideFlags: 0
  m_CorrespondingSourceObject: {fileID: 0}
  m_PrefabInstance: {fileID: 0}
  m_PrefabAsset: {fileID: 0}
  m_GameObject: {fileID: 4793524220996852064}
  m_LocalRotation: {x: 0.00000016583917, y: -0.0000813696, z: -0.0000003511705, w: 1}
  m_LocalPosition: {x: 0.0000005218607, y: 28.777092, z: -0.00000024959442}
  m_LocalScale: {x: 0.9999995, y: 1.0000006, z: 1.0000001}
  m_Children:
  - {fileID: 4793524220996355406}
  m_Father: {fileID: 4793524220996355396}
  m_RootOrder: 0
  m_LocalEulerAnglesHint: {x: 0, y: 0, z: 0}
--- !u!1 &4793524220996852066
GameObject:
  m_ObjectHideFlags: 0
  m_CorrespondingSourceObject: {fileID: 0}
  m_PrefabInstance: {fileID: 0}
  m_PrefabAsset: {fileID: 0}
  serializedVersion: 6
  m_Component:
  - component: {fileID: 4793524220996355394}
  m_Layer: 11
  m_Name: VBOT_:RightFoot
  m_TagString: Untagged
  m_Icon: {fileID: 0}
  m_NavMeshLayer: 0
  m_StaticEditorFlags: 0
  m_IsActive: 1
--- !u!4 &4793524220996355394
Transform:
  m_ObjectHideFlags: 0
  m_CorrespondingSourceObject: {fileID: 0}
  m_PrefabInstance: {fileID: 0}
  m_PrefabAsset: {fileID: 0}
  m_GameObject: {fileID: 4793524220996852066}
  m_LocalRotation: {x: 0.4819916, y: 0.0065317308, z: 0.0049211965, w: 0.87613773}
  m_LocalPosition: {x: 0.00000071883176, y: 42.515278, z: -0.0000045327465}
  m_LocalScale: {x: 1.0000006, y: 1.0000002, z: 0.9999993}
  m_Children:
  - {fileID: 4793524220996355202}
  m_Father: {fileID: 4793524220996355226}
  m_RootOrder: 0
  m_LocalEulerAnglesHint: {x: 0, y: 0, z: 0}
--- !u!1 &4793524220996852068
GameObject:
  m_ObjectHideFlags: 0
  m_CorrespondingSourceObject: {fileID: 0}
  m_PrefabInstance: {fileID: 0}
  m_PrefabAsset: {fileID: 0}
  serializedVersion: 6
  m_Component:
  - component: {fileID: 4793524220996355396}
  m_Layer: 11
  m_Name: VBOT_:RightArm
  m_TagString: Untagged
  m_Icon: {fileID: 0}
  m_NavMeshLayer: 0
  m_StaticEditorFlags: 0
  m_IsActive: 1
--- !u!4 &4793524220996355396
Transform:
  m_ObjectHideFlags: 0
  m_CorrespondingSourceObject: {fileID: 0}
  m_PrefabInstance: {fileID: 0}
  m_PrefabAsset: {fileID: 0}
  m_GameObject: {fileID: 4793524220996852068}
  m_LocalRotation: {x: -0.14777023, y: -0.0063015977, z: 0.00074138155, w: 0.9890014}
  m_LocalPosition: {x: -0.00000042188907, y: 12.88506, z: -0.000003330409}
  m_LocalScale: {x: 0.99999994, y: 0.99999934, z: 0.9999998}
  m_Children:
  - {fileID: 4793524220996355392}
  m_Father: {fileID: 4793524220996355224}
  m_RootOrder: 0
  m_LocalEulerAnglesHint: {x: 0, y: 0, z: 0}
--- !u!1 &4793524220996852070
GameObject:
  m_ObjectHideFlags: 0
  m_CorrespondingSourceObject: {fileID: 0}
  m_PrefabInstance: {fileID: 0}
  m_PrefabAsset: {fileID: 0}
  serializedVersion: 6
  m_Component:
  - component: {fileID: 4793524220996355398}
  m_Layer: 11
  m_Name: VBOT_:Neck
  m_TagString: Untagged
  m_Icon: {fileID: 0}
  m_NavMeshLayer: 0
  m_StaticEditorFlags: 0
  m_IsActive: 1
--- !u!4 &4793524220996355398
Transform:
  m_ObjectHideFlags: 0
  m_CorrespondingSourceObject: {fileID: 0}
  m_PrefabInstance: {fileID: 0}
  m_PrefabAsset: {fileID: 0}
  m_GameObject: {fileID: 4793524220996852070}
  m_LocalRotation: {x: 0.00785081, y: 4.084771e-14, z: 2.2770148e-13, w: 0.9999692}
  m_LocalPosition: {x: -1.8170866e-11, y: 14.555819, z: -0.0000001788139}
  m_LocalScale: {x: 1, y: 0.9999996, z: 0.99999964}
  m_Children:
  - {fileID: 4793524220996355348}
  m_Father: {fileID: 4793524220996355210}
  m_RootOrder: 1
  m_LocalEulerAnglesHint: {x: 0, y: 0, z: 0}
--- !u!1 &4793524220996852072
GameObject:
  m_ObjectHideFlags: 0
  m_CorrespondingSourceObject: {fileID: 0}
  m_PrefabInstance: {fileID: 0}
  m_PrefabAsset: {fileID: 0}
  serializedVersion: 6
  m_Component:
  - component: {fileID: 4793524220996355400}
  m_Layer: 11
  m_Name: VBOT_:RightHandIndex3
  m_TagString: Untagged
  m_Icon: {fileID: 0}
  m_NavMeshLayer: 0
  m_StaticEditorFlags: 0
  m_IsActive: 1
--- !u!4 &4793524220996355400
Transform:
  m_ObjectHideFlags: 0
  m_CorrespondingSourceObject: {fileID: 0}
  m_PrefabInstance: {fileID: 0}
  m_PrefabAsset: {fileID: 0}
  m_GameObject: {fileID: 4793524220996852072}
  m_LocalRotation: {x: -0.00000062817367, y: 0.000036295332, z: 0.002351098, w: 0.99999726}
  m_LocalPosition: {x: -0.0061550727, y: 3.3369708, z: 0.0000052740793}
  m_LocalScale: {x: 0.99999994, y: 1.0000004, z: 1}
  m_Children:
  - {fileID: 4793524220996355446}
  m_Father: {fileID: 4793524220996355402}
  m_RootOrder: 0
  m_LocalEulerAnglesHint: {x: 0, y: 0, z: 0}
--- !u!1 &4793524220996852074
GameObject:
  m_ObjectHideFlags: 0
  m_CorrespondingSourceObject: {fileID: 0}
  m_PrefabInstance: {fileID: 0}
  m_PrefabAsset: {fileID: 0}
  serializedVersion: 6
  m_Component:
  - component: {fileID: 4793524220996355402}
  m_Layer: 11
  m_Name: VBOT_:RightHandIndex2
  m_TagString: Untagged
  m_Icon: {fileID: 0}
  m_NavMeshLayer: 0
  m_StaticEditorFlags: 0
  m_IsActive: 1
--- !u!4 &4793524220996355402
Transform:
  m_ObjectHideFlags: 0
  m_CorrespondingSourceObject: {fileID: 0}
  m_PrefabInstance: {fileID: 0}
  m_PrefabAsset: {fileID: 0}
  m_GameObject: {fileID: 4793524220996852074}
  m_LocalRotation: {x: -0.00000036630905, y: 0.00003379532, z: -0.00061720755, w: 0.9999998}
  m_LocalPosition: {x: -0.002191752, y: 3.5275142, z: -0.000007362104}
  m_LocalScale: {x: 0.99999994, y: 0.99999964, z: 1.0000005}
  m_Children:
  - {fileID: 4793524220996355400}
  m_Father: {fileID: 4793524220996355404}
  m_RootOrder: 0
  m_LocalEulerAnglesHint: {x: 0, y: 0, z: 0}
--- !u!1 &4793524220996852076
GameObject:
  m_ObjectHideFlags: 0
  m_CorrespondingSourceObject: {fileID: 0}
  m_PrefabInstance: {fileID: 0}
  m_PrefabAsset: {fileID: 0}
  serializedVersion: 6
  m_Component:
  - component: {fileID: 4793524220996355404}
  m_Layer: 11
  m_Name: VBOT_:RightHandIndex1
  m_TagString: Untagged
  m_Icon: {fileID: 0}
  m_NavMeshLayer: 0
  m_StaticEditorFlags: 0
  m_IsActive: 1
--- !u!4 &4793524220996355404
Transform:
  m_ObjectHideFlags: 0
  m_CorrespondingSourceObject: {fileID: 0}
  m_PrefabInstance: {fileID: 0}
  m_PrefabAsset: {fileID: 0}
  m_GameObject: {fileID: 4793524220996852076}
  m_LocalRotation: {x: -0.006308148, y: 0.000009262221, z: 0.052337017, w: 0.9986096}
  m_LocalPosition: {x: -3.2609916, y: 10.302796, z: 0.20424765}
  m_LocalScale: {x: 1, y: 0.9999997, z: 0.99999976}
  m_Children:
  - {fileID: 4793524220996355402}
  m_Father: {fileID: 4793524220996355406}
  m_RootOrder: 0
  m_LocalEulerAnglesHint: {x: 0, y: 0, z: 0}
--- !u!1 &4793524220996852078
GameObject:
  m_ObjectHideFlags: 0
  m_CorrespondingSourceObject: {fileID: 0}
  m_PrefabInstance: {fileID: 0}
  m_PrefabAsset: {fileID: 0}
  serializedVersion: 6
  m_Component:
  - component: {fileID: 4793524220996355406}
  m_Layer: 11
  m_Name: VBOT_:RightHand
  m_TagString: Untagged
  m_Icon: {fileID: 0}
  m_NavMeshLayer: 0
  m_StaticEditorFlags: 0
  m_IsActive: 1
--- !u!4 &4793524220996355406
Transform:
  m_ObjectHideFlags: 0
  m_CorrespondingSourceObject: {fileID: 0}
  m_PrefabInstance: {fileID: 0}
  m_PrefabAsset: {fileID: 0}
  m_GameObject: {fileID: 4793524220996852078}
  m_LocalRotation: {x: 0.0051883897, y: 0.021200966, z: -0.052770805, w: 0.9983681}
  m_LocalPosition: {x: 0.0000002084125, y: 29.884058, z: 0.000014346091}
  m_LocalScale: {x: 1.0000007, y: 1, z: 1}
  m_Children:
  - {fileID: 4793524220996355404}
  - {fileID: 4793524220996355442}
  - {fileID: 4793524220996355448}
  - {fileID: 4793524220996355438}
  - {fileID: 4793524220996355220}
  m_Father: {fileID: 4793524220996355392}
  m_RootOrder: 0
  m_LocalEulerAnglesHint: {x: 0, y: 0, z: 0}
--- !u!1 &4793524220996852080
GameObject:
  m_ObjectHideFlags: 0
  m_CorrespondingSourceObject: {fileID: 0}
  m_PrefabInstance: {fileID: 0}
  m_PrefabAsset: {fileID: 0}
  serializedVersion: 6
  m_Component:
  - component: {fileID: 4793524220996355408}
  m_Layer: 11
  m_Name: VBOT_:LeftShoulder
  m_TagString: Untagged
  m_Icon: {fileID: 0}
  m_NavMeshLayer: 0
  m_StaticEditorFlags: 0
  m_IsActive: 1
--- !u!4 &4793524220996355408
Transform:
  m_ObjectHideFlags: 0
  m_CorrespondingSourceObject: {fileID: 0}
  m_PrefabInstance: {fileID: 0}
  m_PrefabAsset: {fileID: 0}
  m_GameObject: {fileID: 4793524220996852080}
  m_LocalRotation: {x: 0.56555074, y: -0.42279127, z: 0.5711599, w: 0.41854063}
  m_LocalPosition: {x: -6.2330165, y: 12.72345, z: -0.060752563}
  m_LocalScale: {x: 0.99999946, y: 0.9999997, z: 0.9999995}
  m_Children:
  - {fileID: 4793524220996355356}
  m_Father: {fileID: 4793524220996355210}
  m_RootOrder: 0
  m_LocalEulerAnglesHint: {x: 0, y: 0, z: 0}
--- !u!1 &4793524220996852082
GameObject:
  m_ObjectHideFlags: 0
  m_CorrespondingSourceObject: {fileID: 0}
  m_PrefabInstance: {fileID: 0}
  m_PrefabAsset: {fileID: 0}
  serializedVersion: 6
  m_Component:
  - component: {fileID: 4793524220996355410}
  m_Layer: 11
  m_Name: VBOT_:LeftLeg
  m_TagString: Untagged
  m_Icon: {fileID: 0}
  m_NavMeshLayer: 0
  m_StaticEditorFlags: 0
  m_IsActive: 1
--- !u!4 &4793524220996355410
Transform:
  m_ObjectHideFlags: 0
  m_CorrespondingSourceObject: {fileID: 0}
  m_PrefabInstance: {fileID: 0}
  m_PrefabAsset: {fileID: 0}
  m_GameObject: {fileID: 4793524220996852082}
  m_LocalRotation: {x: -0.045484938, y: -0.0005017409, z: 0.01265651, w: 0.99888474}
  m_LocalPosition: {x: 0.0000013736861, y: 46.4423, z: -0.00000012147937}
  m_LocalScale: {x: 0.9999995, y: 0.9999993, z: 0.99999976}
  m_Children:
  - {fileID: 4793524220996355354}
  m_Father: {fileID: 4793524220996355416}
  m_RootOrder: 0
  m_LocalEulerAnglesHint: {x: 0, y: 0, z: 0}
--- !u!1 &4793524220996852084
GameObject:
  m_ObjectHideFlags: 0
  m_CorrespondingSourceObject: {fileID: 0}
  m_PrefabInstance: {fileID: 0}
  m_PrefabAsset: {fileID: 0}
  serializedVersion: 6
  m_Component:
  - component: {fileID: 4793524220996355412}
  m_Layer: 11
  m_Name: VBOT_:LeftHandThumb4_end
  m_TagString: Untagged
  m_Icon: {fileID: 0}
  m_NavMeshLayer: 0
  m_StaticEditorFlags: 0
  m_IsActive: 1
--- !u!4 &4793524220996355412
Transform:
  m_ObjectHideFlags: 0
  m_CorrespondingSourceObject: {fileID: 0}
  m_PrefabInstance: {fileID: 0}
  m_PrefabAsset: {fileID: 0}
  m_GameObject: {fileID: 4793524220996852084}
  m_LocalRotation: {x: 0, y: -0, z: -0, w: 1}
  m_LocalPosition: {x: -0, y: 3.4855404, z: 0}
  m_LocalScale: {x: 1, y: 1, z: 1}
  m_Children: []
  m_Father: {fileID: 4793524220996355414}
  m_RootOrder: 0
  m_LocalEulerAnglesHint: {x: 0, y: 0, z: 0}
--- !u!1 &4793524220996852086
GameObject:
  m_ObjectHideFlags: 0
  m_CorrespondingSourceObject: {fileID: 0}
  m_PrefabInstance: {fileID: 0}
  m_PrefabAsset: {fileID: 0}
  serializedVersion: 6
  m_Component:
  - component: {fileID: 4793524220996355414}
  m_Layer: 11
  m_Name: VBOT_:LeftHandThumb4
  m_TagString: Untagged
  m_Icon: {fileID: 0}
  m_NavMeshLayer: 0
  m_StaticEditorFlags: 0
  m_IsActive: 1
--- !u!4 &4793524220996355414
Transform:
  m_ObjectHideFlags: 0
  m_CorrespondingSourceObject: {fileID: 0}
  m_PrefabInstance: {fileID: 0}
  m_PrefabAsset: {fileID: 0}
  m_GameObject: {fileID: 4793524220996852086}
  m_LocalRotation: {x: 0.000000011175872, y: 0.000000011175872, z: 0.000000056810677,
    w: 1}
  m_LocalPosition: {x: 0.123608336, y: 3.483355, z: -0.0000096559515}
  m_LocalScale: {x: 1, y: 1, z: 0.99999994}
  m_Children:
  - {fileID: 4793524220996355412}
  m_Father: {fileID: 4793524220996355368}
  m_RootOrder: 0
  m_LocalEulerAnglesHint: {x: 0, y: 0, z: 0}
--- !u!1 &4793524220996852088
GameObject:
  m_ObjectHideFlags: 0
  m_CorrespondingSourceObject: {fileID: 0}
  m_PrefabInstance: {fileID: 0}
  m_PrefabAsset: {fileID: 0}
  serializedVersion: 6
  m_Component:
  - component: {fileID: 4793524220996355416}
  m_Layer: 11
  m_Name: VBOT_:LeftUpLeg
  m_TagString: Untagged
  m_Icon: {fileID: 0}
  m_NavMeshLayer: 0
  m_StaticEditorFlags: 0
  m_IsActive: 1
--- !u!4 &4793524220996355416
Transform:
  m_ObjectHideFlags: 0
  m_CorrespondingSourceObject: {fileID: 0}
  m_PrefabInstance: {fileID: 0}
  m_PrefabAsset: {fileID: 0}
  m_GameObject: {fileID: 4793524220996852088}
  m_LocalRotation: {x: -0.000032456253, y: 0.005575188, z: 0.99996614, w: 0.006046002}
  m_LocalPosition: {x: -10.920647, y: -5.3976464, z: 1.9481006}
  m_LocalScale: {x: 1.0000803, y: 1.0000002, z: 1.0000001}
  m_Children:
  - {fileID: 4793524220996355410}
  m_Father: {fileID: 4793524220996355358}
  m_RootOrder: 0
  m_LocalEulerAnglesHint: {x: 0, y: 0, z: 0}
--- !u!1 &4793524220996852090
GameObject:
  m_ObjectHideFlags: 0
  m_CorrespondingSourceObject: {fileID: 0}
  m_PrefabInstance: {fileID: 0}
  m_PrefabAsset: {fileID: 0}
  serializedVersion: 6
  m_Component:
  - component: {fileID: 4793524220996355418}
  m_Layer: 11
  m_Name: VBOT_:LeftToeBase
  m_TagString: Untagged
  m_Icon: {fileID: 0}
  m_NavMeshLayer: 0
  m_StaticEditorFlags: 0
  m_IsActive: 1
--- !u!4 &4793524220996355418
Transform:
  m_ObjectHideFlags: 0
  m_CorrespondingSourceObject: {fileID: 0}
  m_PrefabInstance: {fileID: 0}
  m_PrefabAsset: {fileID: 0}
  m_GameObject: {fileID: 4793524220996852090}
  m_LocalRotation: {x: 0.30737466, y: 0.05506234, z: -0.01781606, w: 0.94982713}
  m_LocalPosition: {x: -0.00000046880444, y: 16.945314, z: -0.0000008046626}
  m_LocalScale: {x: 0.99999976, y: 0.9999996, z: 0.9999995}
  m_Children:
  - {fileID: 4793524220996355422}
  m_Father: {fileID: 4793524220996355354}
  m_RootOrder: 0
  m_LocalEulerAnglesHint: {x: 0, y: 0, z: 0}
--- !u!1 &4793524220996852092
GameObject:
  m_ObjectHideFlags: 0
  m_CorrespondingSourceObject: {fileID: 0}
  m_PrefabInstance: {fileID: 0}
  m_PrefabAsset: {fileID: 0}
  serializedVersion: 6
  m_Component:
  - component: {fileID: 4793524220996355420}
  m_Layer: 11
  m_Name: VBOT_:LeftToe_End_end
  m_TagString: Untagged
  m_Icon: {fileID: 0}
  m_NavMeshLayer: 0
  m_StaticEditorFlags: 0
  m_IsActive: 1
--- !u!4 &4793524220996355420
Transform:
  m_ObjectHideFlags: 0
  m_CorrespondingSourceObject: {fileID: 0}
  m_PrefabInstance: {fileID: 0}
  m_PrefabAsset: {fileID: 0}
  m_GameObject: {fileID: 4793524220996852092}
  m_LocalRotation: {x: 0, y: -0, z: -0, w: 1}
  m_LocalPosition: {x: -0, y: 6.2084894, z: 0}
  m_LocalScale: {x: 1, y: 1, z: 1}
  m_Children: []
  m_Father: {fileID: 4793524220996355422}
  m_RootOrder: 0
  m_LocalEulerAnglesHint: {x: 0, y: 0, z: 0}
--- !u!1 &4793524220996852094
GameObject:
  m_ObjectHideFlags: 0
  m_CorrespondingSourceObject: {fileID: 0}
  m_PrefabInstance: {fileID: 0}
  m_PrefabAsset: {fileID: 0}
  serializedVersion: 6
  m_Component:
  - component: {fileID: 4793524220996355422}
  m_Layer: 11
  m_Name: VBOT_:LeftToe_End
  m_TagString: Untagged
  m_Icon: {fileID: 0}
  m_NavMeshLayer: 0
  m_StaticEditorFlags: 0
  m_IsActive: 1
--- !u!4 &4793524220996355422
Transform:
  m_ObjectHideFlags: 0
  m_CorrespondingSourceObject: {fileID: 0}
  m_PrefabInstance: {fileID: 0}
  m_PrefabAsset: {fileID: 0}
  m_GameObject: {fileID: 4793524220996852094}
  m_LocalRotation: {x: -0.000000012223608, y: -0.000004991947, z: 0.00000046117927,
    w: 1}
  m_LocalPosition: {x: -0.0000015217809, y: 6.208491, z: 0.000000059604638}
  m_LocalScale: {x: 1, y: 1.0000001, z: 1}
  m_Children:
  - {fileID: 4793524220996355420}
  m_Father: {fileID: 4793524220996355418}
  m_RootOrder: 0
  m_LocalEulerAnglesHint: {x: 0, y: 0, z: 0}
--- !u!1 &8570826971423754948
GameObject:
  m_ObjectHideFlags: 0
  m_CorrespondingSourceObject: {fileID: 0}
  m_PrefabInstance: {fileID: 0}
  m_PrefabAsset: {fileID: 0}
  serializedVersion: 6
  m_Component:
  - component: {fileID: 8570826971423754968}
  - component: {fileID: 8570826971423754949}
  - component: {fileID: 8570826971423754975}
  - component: {fileID: 6803570012312223892}
  - component: {fileID: 6304448309336900567}
  - component: {fileID: 7671135857865106855}
  - component: {fileID: -4537496671283168189}
  - component: {fileID: 668285331135130064}
  - component: {fileID: 479139236108500351}
  m_Layer: 11
  m_Name: WeakEnemy
  m_TagString: Untagged
  m_Icon: {fileID: 0}
  m_NavMeshLayer: 0
  m_StaticEditorFlags: 0
  m_IsActive: 1
--- !u!4 &8570826971423754968
Transform:
  m_ObjectHideFlags: 0
  m_CorrespondingSourceObject: {fileID: 0}
  m_PrefabInstance: {fileID: 0}
  m_PrefabAsset: {fileID: 0}
  m_GameObject: {fileID: 8570826971423754948}
  m_LocalRotation: {x: 0, y: 0, z: 0, w: 1}
  m_LocalPosition: {x: 2.28, y: 0.13, z: -7.82}
  m_LocalScale: {x: 1, y: 1, z: 1}
  m_Children:
  - {fileID: 4793524220996355208}
  - {fileID: 4793524220996355350}
  - {fileID: 4318698204954015231}
  m_Father: {fileID: 0}
  m_RootOrder: 0
  m_LocalEulerAnglesHint: {x: 0, y: 0, z: 0}
--- !u!114 &8570826971423754949
MonoBehaviour:
  m_ObjectHideFlags: 0
  m_CorrespondingSourceObject: {fileID: 0}
  m_PrefabInstance: {fileID: 0}
  m_PrefabAsset: {fileID: 0}
  m_GameObject: {fileID: 8570826971423754948}
  m_Enabled: 1
  m_EditorHideFlags: 0
  m_Script: {fileID: 11500000, guid: d83e88eb6ee60474583038a947eeef7f, type: 3}
  m_Name: 
  m_EditorClassIdentifier: 
  _inventoryComponent: {fileID: 0}
  _rightHandBone: {fileID: 0}
  Type: 2
--- !u!54 &8570826971423754975
Rigidbody:
  m_ObjectHideFlags: 0
  m_CorrespondingSourceObject: {fileID: 0}
  m_PrefabInstance: {fileID: 0}
  m_PrefabAsset: {fileID: 0}
  m_GameObject: {fileID: 8570826971423754948}
  serializedVersion: 2
  m_Mass: 50
  m_Drag: 0
  m_AngularDrag: 0.05
  m_UseGravity: 1
  m_IsKinematic: 0
  m_Interpolate: 1
  m_Constraints: 112
  m_CollisionDetection: 0
--- !u!95 &6803570012312223892
Animator:
  serializedVersion: 3
  m_ObjectHideFlags: 0
  m_CorrespondingSourceObject: {fileID: 0}
  m_PrefabInstance: {fileID: 0}
  m_PrefabAsset: {fileID: 0}
  m_GameObject: {fileID: 8570826971423754948}
  m_Enabled: 1
  m_Avatar: {fileID: 9000000, guid: 340f99b8334a14c4a8a01dce6e1e5348, type: 3}
  m_Controller: {fileID: 9100000, guid: 79abe7c2bafea407080c9496d664ecfc, type: 2}
  m_CullingMode: 0
  m_UpdateMode: 0
  m_ApplyRootMotion: 0
  m_LinearVelocityBlending: 0
  m_WarningMessage: 
  m_HasTransformHierarchy: 1
  m_AllowConstantClipSamplingOptimization: 1
  m_KeepAnimatorControllerStateOnDisable: 0
--- !u!114 &6304448309336900567
MonoBehaviour:
  m_ObjectHideFlags: 0
  m_CorrespondingSourceObject: {fileID: 0}
  m_PrefabInstance: {fileID: 0}
  m_PrefabAsset: {fileID: 0}
  m_GameObject: {fileID: 8570826971423754948}
  m_Enabled: 1
  m_EditorHideFlags: 0
  m_Script: {fileID: 11500000, guid: 09153c0f40d7e402f910245e711ed5cd, type: 3}
  m_Name: 
  m_EditorClassIdentifier: 
  _animator: {fileID: 6803570012312223892}
--- !u!114 &7671135857865106855
MonoBehaviour:
  m_ObjectHideFlags: 0
  m_CorrespondingSourceObject: {fileID: 0}
  m_PrefabInstance: {fileID: 0}
  m_PrefabAsset: {fileID: 0}
  m_GameObject: {fileID: 8570826971423754948}
  m_Enabled: 1
  m_EditorHideFlags: 0
  m_Script: {fileID: 11500000, guid: 77aee9565b89486d983a1a4416dd90b5, type: 3}
  m_Name: 
  m_EditorClassIdentifier: 
  _maxHealth: 100
--- !u!114 &-4537496671283168189
MonoBehaviour:
  m_ObjectHideFlags: 0
  m_CorrespondingSourceObject: {fileID: 0}
  m_PrefabInstance: {fileID: 0}
  m_PrefabAsset: {fileID: 0}
  m_GameObject: {fileID: 8570826971423754948}
  m_Enabled: 1
  m_EditorHideFlags: 0
  m_Script: {fileID: 11500000, guid: 3c33739805dad41619763795b8069ac8, type: 3}
  m_Name: 
  m_EditorClassIdentifier: 
--- !u!114 &668285331135130064
MonoBehaviour:
  m_ObjectHideFlags: 0
  m_CorrespondingSourceObject: {fileID: 0}
  m_PrefabInstance: {fileID: 0}
  m_PrefabAsset: {fileID: 0}
  m_GameObject: {fileID: 8570826971423754948}
  m_Enabled: 1
  m_EditorHideFlags: 0
  m_Script: {fileID: 11500000, guid: cd22134d245db42d694f5aa2e701cc79, type: 3}
  m_Name: 
  m_EditorClassIdentifier: 
  Character: {fileID: 8570826971423754949}
--- !u!114 &479139236108500351
MonoBehaviour:
  m_ObjectHideFlags: 0
  m_CorrespondingSourceObject: {fileID: 0}
  m_PrefabInstance: {fileID: 0}
  m_PrefabAsset: {fileID: 0}
  m_GameObject: {fileID: 8570826971423754948}
  m_Enabled: 1
  m_EditorHideFlags: 0
  m_Script: {fileID: 11500000, guid: 033259817e946cb4bae85b6cdc061e99, type: 3}
  m_Name: 
  m_EditorClassIdentifier: 
  _rigidbody: {fileID: 8570826971423754975}
  _animator: {fileID: 6803570012312223892}
  _movementSpeed: 5
  _velocityChangeLerpSpeed: 5
